Timestamp,Ticker,Action,Price,Volume
2026-01-01 09:30:00,AAPL,Sell,189.14,4645
2026-01-01 09:30:01,TSLA,Buy,249.82,1317
2026-01-01 09:30:02,MSFT,Buy,419.82,45398
2026-01-01 09:30:03,MSFT,Buy,419.77,3862
2026-01-01 09:30:04,MSFT,Buy,420.08,4471
2026-01-01 09:30:05,TSLA,Buy,249.86,2765
2026-01-01 09:30:06,MSFT,Buy,420.14,19375
2026-01-01 09:30:07,TSLA,Sell,249.83,2215
2026-01-01 09:30:08,TSLA,Buy,249.82,802
2026-01-01 09:30:09,TSLA,Buy,249.65,1219
2026-01-01 09:30:10,GOOGL,Buy,174.79,2138
2026-01-01 09:30:11,AAPL,Buy,188.81,1526
2026-01-01 09:30:12,MSFT,Sell,420.08,829
2026-01-01 09:30:13,GOOGL,Buy,174.64,4778
2026-01-01 09:30:14,TSLA,Sell,249.54,967
2026-01-01 09:30:15,MSFT,Buy,419.97,24541
2026-01-01 09:30:16,GOOGL,Buy,174.68,3533
2026-01-01 09:30:17,GOOGL,Buy,174.58,3257
2026-01-01 09:30:18,GOOGL,Sell,174.47,4450
2026-01-01 09:30:19,TSLA,Sell,249.56,4142
2026-01-01 09:30:20,TSLA,Sell,249.46,4992
2026-01-01 09:30:21,GOOGL,Buy,174.48,476
2026-01-01 09:30:22,TSLA,Sell,249.64,680
2026-01-01 09:30:23,MSFT,Buy,419.91,466
2026-01-01 09:30:24,TSLA,Buy,249.56,2718
2026-01-01 09:30:25,AAPL,Sell,189.02,46837
2026-01-01 09:30:26,GOOGL,Sell,174.65,971
2026-01-01 09:30:27,GOOGL,Sell,174.57,797
2026-01-01 09:30:28,TSLA,Buy,249.68,2760
2026-01-01 09:30:29,MSFT,Sell,419.79,2635
2026-01-01 09:30:30,TSLA,Sell,249.67,4934
2026-01-01 09:30:31,AAPL,Sell,188.82,1623
2026-01-01 09:30:32,GOOGL,Buy,174.31,2656
2026-01-01 09:30:33,MSFT,Buy,419.65,2739
2026-01-01 09:30:34,GOOGL,Sell,174.4,1909
2026-01-01 09:30:35,GOOGL,Sell,174.29,3326
2026-01-01 09:30:36,TSLA,Sell,249.58,3567
2026-01-01 09:30:37,AAPL,Buy,188.82,3238
2026-01-01 09:30:38,TSLA,Buy,249.71,1895
2026-01-01 09:30:39,TSLA,Sell,249.5,191
2026-01-01 09:30:40,AAPL,Sell,188.81,1585
2026-01-01 09:30:41,TSLA,Buy,249.45,229
2026-01-01 09:30:42,GOOGL,Sell,174.56,2048
2026-01-01 09:30:43,GOOGL,Buy,174.48,180
2026-01-01 09:30:44,TSLA,Sell,249.41,4109
2026-01-01 09:30:45,MSFT,Buy,419.55,4531
2026-01-01 09:30:46,GOOGL,Sell,174.73,4727
2026-01-01 09:30:47,GOOGL,Buy,174.66,2037
2026-01-01 09:30:48,GOOGL,Buy,174.79,1494
2026-01-01 09:30:49,AAPL,Sell,188.73,2059
2026-01-01 09:30:50,TSLA,Buy,249.31,2599
2026-01-01 09:30:51,TSLA,Sell,249.43,4998
2026-01-01 09:30:52,GOOGL,Buy,174.65,1101
2026-01-01 09:30:53,MSFT,Sell,419.73,4402
2026-01-01 09:30:54,TSLA,Sell,249.63,1957
2026-01-01 09:30:55,TSLA,Sell,249.66,1266
2026-01-01 09:30:56,TSLA,Sell,249.51,228
2026-01-01 09:30:57,TSLA,Buy,249.51,2787
2026-01-01 09:30:58,TSLA,Buy,249.75,2876
2026-01-01 09:30:59,GOOGL,Buy,174.54,3476
2026-01-01 09:31:00,TSLA,Sell,249.51,3092
2026-01-01 09:31:01,TSLA,Buy,249.6,906
2026-01-01 09:31:02,TSLA,Sell,249.81,43001
2026-01-01 09:31:03,AAPL,Sell,188.74,2121
2026-01-01 09:31:04,AAPL,Buy,188.68,525
2026-01-01 09:31:05,MSFT,Sell,419.62,2094
2026-01-01 09:31:06,TSLA,Sell,249.94,2335
2026-01-01 09:31:07,GOOGL,Sell,174.54,2845
2026-01-01 09:31:08,GOOGL,Buy,174.35,1041
2026-01-01 09:31:09,GOOGL,Buy,174.4,2879
2026-01-01 09:31:10,GOOGL,Buy,174.39,1657
2026-01-01 09:31:11,GOOGL,Buy,174.49,1306
2026-01-01 09:31:12,AAPL,Sell,188.86,2851
2026-01-01 09:31:13,GOOGL,Sell,174.41,2344
2026-01-01 09:31:14,GOOGL,Sell,174.58,931
2026-01-01 09:31:15,MSFT,Sell,419.66,1884
2026-01-01 09:31:16,TSLA,Sell,249.86,1103
2026-01-01 09:31:17,TSLA,Sell,249.9,3592
2026-01-01 09:31:18,GOOGL,Sell,174.25,1005
2026-01-01 09:31:19,AAPL,Sell,188.96,1128
2026-01-01 09:31:20,AAPL,Sell,188.79,4736
2026-01-01 09:31:21,MSFT,Sell,419.82,4692
2026-01-01 09:31:22,TSLA,Sell,249.99,1046
2026-01-01 09:31:23,GOOGL,Sell,174.39,3092
2026-01-01 09:31:24,AAPL,Buy,188.74,1458
2026-01-01 09:31:25,GOOGL,Sell,174.45,2665
2026-01-01 09:31:26,GOOGL,Buy,174.65,1957
2026-01-01 09:31:27,GOOGL,Sell,174.63,1071
2026-01-01 09:31:28,TSLA,Buy,250.2,1487
2026-01-01 09:31:29,GOOGL,Buy,174.68,3485
2026-01-01 09:31:30,AAPL,Buy,188.61,1713
2026-01-01 09:31:31,GOOGL,Buy,174.87,2364
2026-01-01 09:31:32,GOOGL,Buy,174.86,4492
2026-01-01 09:31:33,TSLA,Buy,250.23,538
2026-01-01 09:31:34,GOOGL,Buy,174.76,1534
2026-01-01 09:31:35,TSLA,Sell,250.08,4252
2026-01-01 09:31:36,TSLA,Buy,249.89,45734
2026-01-01 09:31:37,MSFT,Buy,419.97,4436
2026-01-01 09:31:38,TSLA,Buy,250.28,3246
2026-01-01 09:31:39,GOOGL,Sell,174.91,4846
2026-01-01 09:31:40,GOOGL,Sell,174.76,3025
2026-01-01 09:31:41,GOOGL,Sell,174.69,3611
2026-01-01 09:31:42,AAPL,Sell,188.38,2883
2026-01-01 09:31:43,TSLA,Sell,250.1,4202
2026-01-01 09:31:44,AAPL,Sell,188.12,1160
2026-01-01 09:31:45,MSFT,Buy,420.01,1757
2026-01-01 09:31:46,GOOGL,Buy,174.76,3782
2026-01-01 09:31:47,AAPL,Buy,188.05,3469
2026-01-01 09:31:48,MSFT,Sell,420.23,3955
2026-01-01 09:31:49,TSLA,Sell,250.04,3651
2026-01-01 09:31:50,GOOGL,Sell,174.73,284
2026-01-01 09:31:51,MSFT,Buy,420.36,1897
2026-01-01 09:31:52,GOOGL,Buy,174.8,2583
2026-01-01 09:31:53,GOOGL,Sell,174.77,4648
2026-01-01 09:31:54,TSLA,Buy,249.98,375
2026-01-01 09:31:55,MSFT,Buy,420.63,768
2026-01-01 09:31:56,AAPL,Sell,188.11,4567
2026-01-01 09:31:57,GOOGL,Buy,174.67,1448
2026-01-01 09:31:58,TSLA,Sell,250.18,2494
2026-01-01 09:31:59,MSFT,Sell,420.41,1146
2026-01-01 09:32:00,AAPL,Buy,188.02,3878
2026-01-01 09:32:01,TSLA,Sell,250.21,26046
2026-01-01 09:32:02,MSFT,Sell,420.38,3186
2026-01-01 09:32:03,MSFT,Buy,420.13,4382
2026-01-01 09:32:04,TSLA,Buy,249.98,3926
2026-01-01 09:32:05,MSFT,Buy,419.95,654
2026-01-01 09:32:06,GOOGL,Sell,174.78,2167
2026-01-01 09:32:07,MSFT,Buy,419.81,964
2026-01-01 09:32:08,AAPL,Sell,187.95,3768
2026-01-01 09:32:09,GOOGL,Sell,175.09,2559
2026-01-01 09:32:10,TSLA,Buy,249.86,4946
2026-01-01 09:32:11,AAPL,Buy,188.02,1975
2026-01-01 09:32:12,AAPL,Buy,187.85,4448
2026-01-01 09:32:13,GOOGL,Buy,175.27,194
2026-01-01 09:32:14,TSLA,Buy,250.09,3292
2026-01-01 09:32:15,TSLA,Buy,249.81,273
2026-01-01 09:32:16,AAPL,Sell,187.97,1504
2026-01-01 09:32:17,GOOGL,Sell,175.26,4323
2026-01-01 09:32:18,TSLA,Sell,249.88,4201
2026-01-01 09:32:19,TSLA,Buy,249.85,4005
2026-01-01 09:32:20,TSLA,Sell,249.74,4412
2026-01-01 09:32:21,TSLA,Buy,249.74,31716
2026-01-01 09:32:22,MSFT,Buy,419.95,31014
2026-01-01 09:32:23,TSLA,Sell,249.6,3449
2026-01-01 09:32:24,MSFT,Sell,420.1,3497
2026-01-01 09:32:25,GOOGL,Buy,175.46,3349
2026-01-01 09:32:26,TSLA,Buy,249.52,2467
2026-01-01 09:32:27,TSLA,Buy,249.72,1555
2026-01-01 09:32:28,GOOGL,Sell,175.54,2708
2026-01-01 09:32:29,GOOGL,Sell,175.69,3143
2026-01-01 09:32:30,TSLA,Sell,249.81,2893
2026-01-01 09:32:31,MSFT,Sell,420.2,3935
2026-01-01 09:32:32,GOOGL,Buy,175.75,2839
2026-01-01 09:32:33,TSLA,Sell,249.72,2607
2026-01-01 09:32:34,AAPL,Sell,188.21,3062
2026-01-01 09:32:35,MSFT,Sell,420.04,2438
2026-01-01 09:32:36,MSFT,Sell,419.92,2972
2026-01-01 09:32:37,TSLA,Buy,249.78,230
2026-01-01 09:32:38,MSFT,Buy,419.86,4970
2026-01-01 09:32:39,GOOGL,Sell,175.69,2178
2026-01-01 09:32:40,AAPL,Buy,188.47,423
2026-01-01 09:32:41,TSLA,Sell,249.78,1530
2026-01-01 09:32:42,MSFT,Sell,419.73,2288
2026-01-01 09:32:43,MSFT,Buy,419.97,45362
2026-01-01 09:32:44,AAPL,Buy,188.38,2472
2026-01-01 09:32:45,GOOGL,Buy,175.48,2542
2026-01-01 09:32:46,AAPL,Sell,188.54,4954
2026-01-01 09:32:47,TSLA,Buy,249.95,868
2026-01-01 09:32:48,MSFT,Buy,420.13,4802
2026-01-01 09:32:49,GOOGL,Buy,175.58,1881
2026-01-01 09:32:50,TSLA,Sell,249.57,4363
2026-01-01 09:32:51,GOOGL,Buy,175.7,3758
2026-01-01 09:32:52,TSLA,Buy,249.33,1080
2026-01-01 09:32:53,TSLA,Sell,249.42,1484
2026-01-01 09:32:54,GOOGL,Buy,175.37,3507
2026-01-01 09:32:55,MSFT,Sell,419.84,859
2026-01-01 09:32:56,TSLA,Buy,249.11,2980
2026-01-01 09:32:57,AAPL,Buy,188.58,4198
2026-01-01 09:32:58,GOOGL,Buy,175.44,4051
2026-01-01 09:32:59,AAPL,Buy,188.72,2299
2026-01-01 09:33:00,MSFT,Buy,419.61,1237
2026-01-01 09:33:01,GOOGL,Buy,175.65,791
2026-01-01 09:33:02,GOOGL,Buy,175.78,4843
2026-01-01 09:33:03,GOOGL,Buy,175.67,2542
2026-01-01 09:33:04,MSFT,Buy,419.81,245
2026-01-01 09:33:05,AAPL,Buy,188.73,1680
2026-01-01 09:33:06,MSFT,Buy,419.66,4781
2026-01-01 09:33:07,TSLA,Sell,249.32,3258
2026-01-01 09:33:08,GOOGL,Buy,175.72,116
2026-01-01 09:33:09,AAPL,Buy,188.47,2285
2026-01-01 09:33:10,TSLA,Sell,249.4,3526
2026-01-01 09:33:11,GOOGL,Sell,175.66,1827
2026-01-01 09:33:12,GOOGL,Sell,175.47,1912
2026-01-01 09:33:13,AAPL,Sell,188.32,766
2026-01-01 09:33:14,MSFT,Sell,419.66,774
2026-01-01 09:33:15,TSLA,Buy,249.08,4788
2026-01-01 09:33:16,GOOGL,Sell,175.81,3994
2026-01-01 09:33:17,GOOGL,Sell,176.02,957
2026-01-01 09:33:18,MSFT,Sell,419.79,701
2026-01-01 09:33:19,TSLA,Buy,249.2,1289
2026-01-01 09:33:20,TSLA,Sell,249.11,18034
2026-01-01 09:33:21,TSLA,Buy,249.0,1900
2026-01-01 09:33:22,TSLA,Buy,248.96,4849
2026-01-01 09:33:23,MSFT,Sell,419.73,307
2026-01-01 09:33:24,TSLA,Sell,249.07,2969
2026-01-01 09:33:25,GOOGL,Sell,175.97,3806
2026-01-01 09:33:26,MSFT,Buy,419.81,4270
2026-01-01 09:33:27,AAPL,Buy,188.31,4358
2026-01-01 09:33:28,MSFT,Sell,419.94,3657
2026-01-01 09:33:29,MSFT,Buy,419.8,1295
2026-01-01 09:33:30,TSLA,Buy,249.15,2574
2026-01-01 09:33:31,MSFT,Buy,419.63,1188
2026-01-01 09:33:32,MSFT,Sell,419.61,4268
2026-01-01 09:33:33,AAPL,Buy,188.53,754
2026-01-01 09:33:34,MSFT,Sell,419.57,4904
2026-01-01 09:33:35,MSFT,Buy,419.67,4259
2026-01-01 09:33:36,GOOGL,Sell,175.87,4059
2026-01-01 09:33:37,GOOGL,Sell,175.85,4903
2026-01-01 09:33:38,GOOGL,Buy,175.82,2994
2026-01-01 09:33:39,TSLA,Sell,249.11,3321
2026-01-01 09:33:40,GOOGL,Sell,175.58,3823
2026-01-01 09:33:41,TSLA,Buy,249.27,3167
2026-01-01 09:33:42,TSLA,Buy,249.48,2869
2026-01-01 09:33:43,MSFT,Buy,419.86,2932
2026-01-01 09:33:44,MSFT,Sell,419.62,4176
2026-01-01 09:33:45,AAPL,Sell,188.39,1398
2026-01-01 09:33:46,TSLA,Buy,249.49,1742
2026-01-01 09:33:47,AAPL,Buy,188.37,873
2026-01-01 09:33:48,AAPL,Buy,188.42,565
2026-01-01 09:33:49,AAPL,Buy,188.41,877
2026-01-01 09:33:50,MSFT,Sell,419.6,2795
2026-01-01 09:33:51,GOOGL,Buy,175.64,3702
2026-01-01 09:33:52,MSFT,Sell,419.87,1627
2026-01-01 09:33:53,GOOGL,Sell,175.68,3254
2026-01-01 09:33:54,TSLA,Buy,249.26,3214
2026-01-01 09:33:55,MSFT,Sell,420.15,3818
2026-01-01 09:33:56,AAPL,Buy,188.5,676
2026-01-01 09:33:57,TSLA,Buy,249.37,3110
2026-01-01 09:33:58,TSLA,Sell,249.27,2080
2026-01-01 09:33:59,AAPL,Sell,188.5,4704
2026-01-01 09:34:00,GOOGL,Sell,176.07,1184
2026-01-01 09:34:01,GOOGL,Buy,176.07,3351
2026-01-01 09:34:02,TSLA,Buy,249.35,4438
2026-01-01 09:34:03,TSLA,Buy,249.62,4686
2026-01-01 09:34:04,AAPL,Buy,188.24,3604
2026-01-01 09:34:05,MSFT,Sell,420.23,4591
2026-01-01 09:34:06,AAPL,Sell,188.26,1055
2026-01-01 09:34:07,GOOGL,Sell,175.92,43124
2026-01-01 09:34:08,AAPL,Buy,188.39,3680
2026-01-01 09:34:09,AAPL,Buy,188.34,3901
2026-01-01 09:34:10,GOOGL,Buy,175.87,4164
2026-01-01 09:34:11,TSLA,Sell,249.7,1811
2026-01-01 09:34:12,MSFT,Buy,420.4,605
2026-01-01 09:34:13,MSFT,Buy,420.22,448
2026-01-01 09:34:14,TSLA,Sell,249.68,3028
2026-01-01 09:34:15,GOOGL,Sell,175.75,2418
2026-01-01 09:34:16,MSFT,Buy,420.02,4145
2026-01-01 09:34:17,AAPL,Sell,188.29,3037
2026-01-01 09:34:18,GOOGL,Buy,175.71,156
2026-01-01 09:34:19,MSFT,Buy,420.14,474
2026-01-01 09:34:20,GOOGL,Sell,175.73,3453
2026-01-01 09:34:21,GOOGL,Sell,175.61,2814
2026-01-01 09:34:22,MSFT,Buy,420.01,2385
2026-01-01 09:34:23,GOOGL,Buy,175.57,287
2026-01-01 09:34:24,AAPL,Sell,188.13,4709
2026-01-01 09:34:25,AAPL,Sell,187.99,537
2026-01-01 09:34:26,GOOGL,Sell,175.38,2796
2026-01-01 09:34:27,TSLA,Sell,249.79,3572
2026-01-01 09:34:28,AAPL,Buy,187.83,145
2026-01-01 09:34:29,GOOGL,Buy,175.47,1504
2026-01-01 09:34:30,MSFT,Sell,419.94,4730
2026-01-01 09:34:31,TSLA,Sell,249.75,704
2026-01-01 09:34:32,GOOGL,Buy,175.43,2473
2026-01-01 09:34:33,TSLA,Sell,249.62,35553
2026-01-01 09:34:34,AAPL,Sell,187.83,1402
2026-01-01 09:34:35,GOOGL,Sell,175.4,3523
2026-01-01 09:34:36,AAPL,Sell,187.96,2802
2026-01-01 09:34:37,AAPL,Buy,188.03,4347
2026-01-01 09:34:38,MSFT,Sell,419.74,3598
2026-01-01 09:34:39,AAPL,Sell,187.94,3795
2026-01-01 09:34:40,TSLA,Buy,249.55,3090
2026-01-01 09:34:41,TSLA,Buy,249.54,24855
2026-01-01 09:34:42,TSLA,Sell,249.47,3993
2026-01-01 09:34:43,AAPL,Sell,187.85,4597
2026-01-01 09:34:44,GOOGL,Sell,175.29,3393
2026-01-01 09:34:45,AAPL,Sell,187.67,856
2026-01-01 09:34:46,AAPL,Buy,187.66,1409
2026-01-01 09:34:47,GOOGL,Buy,175.04,3789
2026-01-01 09:34:48,TSLA,Buy,249.38,41273
2026-01-01 09:34:49,GOOGL,Buy,175.16,2167
2026-01-01 09:34:50,MSFT,Sell,419.52,865
2026-01-01 09:34:51,TSLA,Sell,249.29,4662
2026-01-01 09:34:52,GOOGL,Sell,174.93,4839
2026-01-01 09:34:53,TSLA,Sell,249.24,2183
2026-01-01 09:34:54,AAPL,Sell,187.78,3753
2026-01-01 09:34:55,TSLA,Buy,249.52,2614
2026-01-01 09:34:56,MSFT,Sell,419.5,208
2026-01-01 09:34:57,MSFT,Buy,419.54,2959
2026-01-01 09:34:58,AAPL,Buy,187.88,4621
2026-01-01 09:34:59,TSLA,Buy,249.56,4461
2026-01-01 09:35:00,AAPL,Sell,187.76,33032
2026-01-01 09:35:01,TSLA,Sell,249.7,4205
2026-01-01 09:35:02,AAPL,Buy,187.95,214
2026-01-01 09:35:03,TSLA,Sell,249.74,1782
2026-01-01 09:35:04,GOOGL,Sell,175.01,2675
2026-01-01 09:35:05,MSFT,Sell,419.37,4785
2026-01-01 09:35:06,TSLA,Buy,249.82,3060
2026-01-01 09:35:07,TSLA,Sell,249.66,3849
2026-01-01 09:35:08,TSLA,Sell,249.93,527
2026-01-01 09:35:09,MSFT,Sell,419.18,3416
2026-01-01 09:35:10,MSFT,Sell,419.24,3858
2026-01-01 09:35:11,TSLA,Buy,249.95,178
2026-01-01 09:35:12,MSFT,Sell,419.09,1789
2026-01-01 09:35:13,TSLA,Buy,249.91,1210
2026-01-01 09:35:14,MSFT,Sell,418.97,3610
2026-01-01 09:35:15,AAPL,Buy,187.52,3840
2026-01-01 09:35:16,MSFT,Buy,419.0,119
2026-01-01 09:35:17,AAPL,Sell,187.52,2547
2026-01-01 09:35:18,TSLA,Sell,249.81,3434
2026-01-01 09:35:19,TSLA,Buy,249.73,1538
2026-01-01 09:35:20,GOOGL,Sell,175.32,694
2026-01-01 09:35:21,MSFT,Sell,418.73,2761
2026-01-01 09:35:22,TSLA,Buy,249.49,751
2026-01-01 09:35:23,GOOGL,Buy,175.36,21170
2026-01-01 09:35:24,TSLA,Sell,249.38,3544
2026-01-01 09:35:25,AAPL,Sell,187.6,3756
2026-01-01 09:35:26,AAPL,Buy,187.67,4271
2026-01-01 09:35:27,MSFT,Buy,418.53,4296
2026-01-01 09:35:28,TSLA,Sell,249.3,3573
2026-01-01 09:35:29,TSLA,Buy,249.2,3799
2026-01-01 09:35:30,MSFT,Buy,418.52,2138
2026-01-01 09:35:31,TSLA,Sell,249.24,3605
2026-01-01 09:35:32,TSLA,Sell,249.26,3207
2026-01-01 09:35:33,TSLA,Sell,249.09,4225
2026-01-01 09:35:34,MSFT,Sell,418.49,3791
2026-01-01 09:35:35,TSLA,Buy,249.18,255
2026-01-01 09:35:36,TSLA,Buy,249.04,2786
2026-01-01 09:35:37,MSFT,Buy,418.74,4806
2026-01-01 09:35:38,GOOGL,Buy,175.21,2856
2026-01-01 09:35:39,GOOGL,Sell,175.27,4434
2026-01-01 09:35:40,MSFT,Sell,418.71,2930
2026-01-01 09:35:41,TSLA,Buy,249.12,4389
2026-01-01 09:35:42,TSLA,Sell,249.17,1414
2026-01-01 09:35:43,AAPL,Buy,188.02,2917
2026-01-01 09:35:44,GOOGL,Sell,175.32,1373
2026-01-01 09:35:45,GOOGL,Buy,175.08,148
2026-01-01 09:35:46,MSFT,Buy,418.53,913
2026-01-01 09:35:47,GOOGL,Buy,175.1,759
2026-01-01 09:35:48,AAPL,Sell,188.03,4479
2026-01-01 09:35:49,MSFT,Sell,418.53,4796
2026-01-01 09:35:50,AAPL,Buy,188.1,1878
2026-01-01 09:35:51,TSLA,Sell,249.08,126
2026-01-01 09:35:52,GOOGL,Buy,175.05,2451
2026-01-01 09:35:53,MSFT,Sell,418.53,3099
2026-01-01 09:35:54,AAPL,Sell,187.96,4246
2026-01-01 09:35:55,MSFT,Buy,418.51,17056
2026-01-01 09:35:56,MSFT,Buy,418.6,4983
2026-01-01 09:35:57,MSFT,Sell,418.55,3262
2026-01-01 09:35:58,AAPL,Buy,187.7,21467
2026-01-01 09:35:59,MSFT,Buy,418.52,2307
2026-01-01 09:36:00,GOOGL,Sell,174.88,3136
2026-01-01 09:36:01,MSFT,Sell,418.6,3351
2026-01-01 09:36:02,AAPL,Sell,187.6,1932
2026-01-01 09:36:03,AAPL,Sell,187.74,1383
2026-01-01 09:36:04,GOOGL,Sell,175.21,3679
2026-01-01 09:36:05,AAPL,Buy,187.78,2965
2026-01-01 09:36:06,MSFT,Buy,418.52,3118
2026-01-01 09:36:07,GOOGL,Sell,175.09,4405
2026-01-01 09:36:08,GOOGL,Buy,175.1,32631
2026-01-01 09:36:09,MSFT,Buy,418.4,2650
2026-01-01 09:36:10,AAPL,Sell,188.1,592
2026-01-01 09:36:11,AAPL,Buy,188.19,174
2026-01-01 09:36:12,AAPL,Sell,188.26,1714
2026-01-01 09:36:13,AAPL,Sell,188.06,2017
2026-01-01 09:36:14,GOOGL,Buy,174.97,4036
2026-01-01 09:36:15,AAPL,Sell,188.4,4391
2026-01-01 09:36:16,AAPL,Sell,188.53,1697
2026-01-01 09:36:17,MSFT,Buy,418.6,2433
2026-01-01 09:36:18,GOOGL,Sell,175.1,3092
2026-01-01 09:36:19,GOOGL,Sell,175.11,765
2026-01-01 09:36:20,MSFT,Sell,418.48,197
2026-01-01 09:36:21,TSLA,Buy,248.88,259
2026-01-01 09:36:22,MSFT,Buy,418.34,1086
2026-01-01 09:36:23,GOOGL,Buy,174.98,792
2026-01-01 09:36:24,TSLA,Sell,249.12,3078
2026-01-01 09:36:25,GOOGL,Buy,174.81,2354
2026-01-01 09:36:26,MSFT,Buy,418.45,3042
2026-01-01 09:36:27,TSLA,Buy,249.1,2408
2026-01-01 09:36:28,GOOGL,Sell,174.68,275
2026-01-01 09:36:29,AAPL,Sell,188.29,10926
2026-01-01 09:36:30,TSLA,Sell,249.16,1817
2026-01-01 09:36:31,MSFT,Buy,418.59,4021
2026-01-01 09:36:32,MSFT,Buy,418.75,2006
2026-01-01 09:36:33,TSLA,Buy,248.94,1683
2026-01-01 09:36:34,AAPL,Buy,188.47,1293
2026-01-01 09:36:35,MSFT,Buy,419.01,2639
2026-01-01 09:36:36,GOOGL,Sell,174.82,702
2026-01-01 09:36:37,GOOGL,Buy,174.96,1954
2026-01-01 09:36:38,TSLA,Buy,248.84,217
2026-01-01 09:36:39,GOOGL,Sell,175.17,193
2026-01-01 09:36:40,MSFT,Buy,419.24,3583
2026-01-01 09:36:41,GOOGL,Buy,175.12,813
2026-01-01 09:36:42,TSLA,Buy,248.95,720
2026-01-01 09:36:43,GOOGL,Sell,175.14,1294
2026-01-01 09:36:44,TSLA,Sell,249.08,3224
2026-01-01 09:36:45,TSLA,Sell,249.45,2997
2026-01-01 09:36:46,TSLA,Buy,249.41,4065
2026-01-01 09:36:47,AAPL,Sell,188.36,1323
2026-01-01 09:36:48,AAPL,Sell,188.43,1813
2026-01-01 09:36:49,TSLA,Buy,249.33,1772
2026-01-01 09:36:50,AAPL,Buy,188.27,1173
2026-01-01 09:36:51,MSFT,Sell,419.16,4340
2026-01-01 09:36:52,TSLA,Sell,249.53,704
2026-01-01 09:36:53,GOOGL,Sell,175.09,3247
2026-01-01 09:36:54,GOOGL,Sell,175.22,15108
2026-01-01 09:36:55,AAPL,Sell,188.29,2268
2026-01-01 09:36:56,AAPL,Sell,188.3,986
2026-01-01 09:36:57,TSLA,Buy,249.47,2858
2026-01-01 09:36:58,MSFT,Buy,419.52,3960
2026-01-01 09:36:59,AAPL,Buy,188.62,414
2026-01-01 09:37:00,AAPL,Sell,188.58,32530
2026-01-01 09:37:01,AAPL,Buy,188.54,3819
2026-01-01 09:37:02,AAPL,Sell,188.9,1426
2026-01-01 09:37:03,TSLA,Buy,249.6,732
2026-01-01 09:37:04,AAPL,Sell,188.81,671
2026-01-01 09:37:05,MSFT,Buy,419.32,438
2026-01-01 09:37:06,MSFT,Sell,419.16,1412
2026-01-01 09:37:07,AAPL,Buy,188.8,494
2026-01-01 09:37:08,TSLA,Sell,249.54,573
2026-01-01 09:37:09,AAPL,Sell,188.73,2086
2026-01-01 09:37:10,AAPL,Buy,188.79,3118
2026-01-01 09:37:11,TSLA,Buy,249.55,1359
2026-01-01 09:37:12,TSLA,Sell,249.68,4332
2026-01-01 09:37:13,MSFT,Sell,419.15,830
2026-01-01 09:37:14,MSFT,Sell,419.06,2015
2026-01-01 09:37:15,MSFT,Buy,419.22,2590
2026-01-01 09:37:16,TSLA,Sell,249.66,625
2026-01-01 09:37:17,TSLA,Buy,249.83,1643
2026-01-01 09:37:18,AAPL,Sell,188.45,1429
2026-01-01 09:37:19,TSLA,Sell,249.7,2578
2026-01-01 09:37:20,TSLA,Sell,249.61,1446
2026-01-01 09:37:21,MSFT,Sell,419.59,4509
2026-01-01 09:37:22,AAPL,Sell,188.42,3484
2026-01-01 09:37:23,TSLA,Buy,249.56,1212
2026-01-01 09:37:24,TSLA,Sell,249.4,1989
2026-01-01 09:37:25,AAPL,Sell,188.15,4512
2026-01-01 09:37:26,TSLA,Sell,249.35,34181
2026-01-01 09:37:27,TSLA,Sell,249.22,4077
2026-01-01 09:37:28,MSFT,Sell,419.57,676
2026-01-01 09:37:29,AAPL,Sell,188.32,3125
2026-01-01 09:37:30,MSFT,Buy,419.66,3058
2026-01-01 09:37:31,MSFT,Sell,419.83,1749
2026-01-01 09:37:32,GOOGL,Sell,175.23,2657
2026-01-01 09:37:33,GOOGL,Buy,174.96,3485
2026-01-01 09:37:34,GOOGL,Buy,174.97,872
2026-01-01 09:37:35,GOOGL,Buy,174.89,1108
2026-01-01 09:37:36,AAPL,Buy,188.21,3685
2026-01-01 09:37:37,TSLA,Sell,249.29,636
2026-01-01 09:37:38,MSFT,Buy,419.87,3060
2026-01-01 09:37:39,AAPL,Sell,188.01,2968
2026-01-01 09:37:40,GOOGL,Sell,174.66,2754
2026-01-01 09:37:41,MSFT,Sell,419.86,2355
2026-01-01 09:37:42,TSLA,Sell,249.27,4379
2026-01-01 09:37:43,AAPL,Buy,188.1,120
2026-01-01 09:37:44,TSLA,Buy,249.15,4034
2026-01-01 09:37:45,GOOGL,Sell,174.8,19990
2026-01-01 09:37:46,MSFT,Buy,420.0,720
2026-01-01 09:37:47,MSFT,Buy,419.96,1773
2026-01-01 09:37:48,GOOGL,Buy,174.7,45287
2026-01-01 09:37:49,GOOGL,Buy,175.03,2142
2026-01-01 09:37:50,MSFT,Buy,419.94,3990
2026-01-01 09:37:51,MSFT,Sell,419.88,278
2026-01-01 09:37:52,MSFT,Sell,419.99,1373
2026-01-01 09:37:53,AAPL,Sell,188.12,3677
2026-01-01 09:37:54,MSFT,Sell,420.08,2323
2026-01-01 09:37:55,AAPL,Buy,188.09,3449
2026-01-01 09:37:56,GOOGL,Buy,175.12,439
2026-01-01 09:37:57,MSFT,Buy,420.37,4118
2026-01-01 09:37:58,TSLA,Sell,249.09,4812
2026-01-01 09:37:59,AAPL,Sell,188.26,2331
2026-01-01 09:38:00,TSLA,Buy,248.92,2297
2026-01-01 09:38:01,MSFT,Buy,420.12,4584
2026-01-01 09:38:02,MSFT,Buy,419.98,2091
2026-01-01 09:38:03,AAPL,Sell,188.29,4709
2026-01-01 09:38:04,AAPL,Buy,188.05,278
2026-01-01 09:38:05,MSFT,Sell,420.23,2218
2026-01-01 09:38:06,AAPL,Sell,187.95,4818
2026-01-01 09:38:07,MSFT,Sell,420.41,3783
2026-01-01 09:38:08,TSLA,Sell,248.94,3318
2026-01-01 09:38:09,TSLA,Buy,248.82,4450
2026-01-01 09:38:10,AAPL,Sell,187.97,3842
2026-01-01 09:38:11,TSLA,Sell,248.74,2854
2026-01-01 09:38:12,GOOGL,Buy,175.07,1968
2026-01-01 09:38:13,TSLA,Buy,248.84,568
2026-01-01 09:38:14,AAPL,Buy,188.18,48491
2026-01-01 09:38:15,MSFT,Buy,420.56,3400
2026-01-01 09:38:16,MSFT,Sell,420.41,159
2026-01-01 09:38:17,MSFT,Sell,420.22,3494
2026-01-01 09:38:18,GOOGL,Buy,175.1,4460
2026-01-01 09:38:19,MSFT,Sell,420.23,1914
2026-01-01 09:38:20,AAPL,Sell,188.04,2707
2026-01-01 09:38:21,AAPL,Sell,188.05,3820
2026-01-01 09:38:22,AAPL,Sell,188.0,476
2026-01-01 09:38:23,TSLA,Buy,248.63,1578
2026-01-01 09:38:24,MSFT,Sell,420.06,17509
2026-01-01 09:38:25,AAPL,Buy,188.19,3252
2026-01-01 09:38:26,GOOGL,Sell,175.16,4622
2026-01-01 09:38:27,MSFT,Sell,420.05,4253
2026-01-01 09:38:28,AAPL,Buy,188.0,4540
2026-01-01 09:38:29,TSLA,Buy,248.7,4599
2026-01-01 09:38:30,MSFT,Buy,419.86,2172
2026-01-01 09:38:31,TSLA,Sell,248.57,1978
2026-01-01 09:38:32,MSFT,Sell,419.96,372
2026-01-01 09:38:33,GOOGL,Buy,175.17,2759
2026-01-01 09:38:34,GOOGL,Sell,175.06,4085
2026-01-01 09:38:35,TSLA,Buy,248.7,1223
2026-01-01 09:38:36,AAPL,Buy,187.98,4577
2026-01-01 09:38:37,GOOGL,Sell,175.11,842
2026-01-01 09:38:38,GOOGL,Sell,175.29,3569
2026-01-01 09:38:39,GOOGL,Buy,175.34,1812
2026-01-01 09:38:40,AAPL,Buy,188.06,4883
2026-01-01 09:38:41,TSLA,Buy,248.76,3717
2026-01-01 09:38:42,GOOGL,Buy,175.27,137
2026-01-01 09:38:43,GOOGL,Sell,175.38,4455
2026-01-01 09:38:44,GOOGL,Sell,175.26,3758
2026-01-01 09:38:45,AAPL,Sell,188.03,4086
2026-01-01 09:38:46,GOOGL,Sell,175.23,4230
2026-01-01 09:38:47,MSFT,Buy,419.74,3218
2026-01-01 09:38:48,TSLA,Buy,248.72,4010
2026-01-01 09:38:49,TSLA,Buy,248.73,2378
2026-01-01 09:38:50,MSFT,Buy,419.69,4659
2026-01-01 09:38:51,GOOGL,Buy,175.13,2815
2026-01-01 09:38:52,GOOGL,Buy,175.3,3615
2026-01-01 09:38:53,TSLA,Sell,248.71,1090
2026-01-01 09:38:54,AAPL,Buy,188.13,4596
2026-01-01 09:38:55,GOOGL,Sell,175.22,795
2026-01-01 09:38:56,AAPL,Sell,188.19,4499
2026-01-01 09:38:57,AAPL,Buy,188.03,1329
2026-01-01 09:38:58,TSLA,Sell,249.0,1441
2026-01-01 09:38:59,AAPL,Buy,188.12,2124
2026-01-01 09:39:00,GOOGL,Buy,175.2,1684
2026-01-01 09:39:01,AAPL,Sell,188.12,4974
2026-01-01 09:39:02,GOOGL,Sell,175.13,3299
2026-01-01 09:39:03,TSLA,Sell,249.14,416
2026-01-01 09:39:04,AAPL,Sell,188.25,2731
2026-01-01 09:39:05,GOOGL,Buy,175.27,2003
2026-01-01 09:39:06,MSFT,Buy,419.51,27912
2026-01-01 09:39:07,AAPL,Sell,188.26,3515
2026-01-01 09:39:08,MSFT,Sell,419.48,1961
2026-01-01 09:39:09,AAPL,Buy,188.02,1755
2026-01-01 09:39:10,MSFT,Buy,419.58,3929
2026-01-01 09:39:11,AAPL,Sell,188.24,3376
2026-01-01 09:39:12,AAPL,Buy,188.26,1522
2026-01-01 09:39:13,MSFT,Sell,419.55,31380
2026-01-01 09:39:14,MSFT,Buy,419.32,3958
2026-01-01 09:39:15,TSLA,Sell,249.2,199
2026-01-01 09:39:16,GOOGL,Buy,175.26,4798
2026-01-01 09:39:17,AAPL,Buy,188.09,3302
2026-01-01 09:39:18,MSFT,Sell,419.48,2777
2026-01-01 09:39:19,AAPL,Buy,188.11,3762
2026-01-01 09:39:20,MSFT,Buy,419.52,2350
2026-01-01 09:39:21,MSFT,Buy,419.36,3666
2026-01-01 09:39:22,TSLA,Sell,248.86,3750
2026-01-01 09:39:23,MSFT,Buy,419.47,2075
2026-01-01 09:39:24,GOOGL,Sell,175.21,990
2026-01-01 09:39:25,TSLA,Sell,248.91,42101
2026-01-01 09:39:26,MSFT,Buy,419.59,3590
2026-01-01 09:39:27,MSFT,Sell,419.33,44699
2026-01-01 09:39:28,AAPL,Sell,188.04,266
2026-01-01 09:39:29,AAPL,Sell,188.12,1604
2026-01-01 09:39:30,TSLA,Sell,248.76,23124
2026-01-01 09:39:31,MSFT,Buy,419.37,2680
2026-01-01 09:39:32,GOOGL,Sell,175.1,4920
2026-01-01 09:39:33,MSFT,Sell,419.39,3201
2026-01-01 09:39:34,GOOGL,Buy,175.0,2205
2026-01-01 09:39:35,MSFT,Sell,419.51,27358
2026-01-01 09:39:36,MSFT,Buy,419.61,2571
2026-01-01 09:39:37,GOOGL,Buy,175.04,3129
2026-01-01 09:39:38,TSLA,Buy,248.8,2582
2026-01-01 09:39:39,MSFT,Sell,419.54,297
2026-01-01 09:39:40,TSLA,Buy,248.72,4637
2026-01-01 09:39:41,GOOGL,Buy,175.03,2735
2026-01-01 09:39:42,TSLA,Sell,248.69,3520
2026-01-01 09:39:43,TSLA,Buy,248.86,2448
2026-01-01 09:39:44,TSLA,Buy,248.69,1155
2026-01-01 09:39:45,MSFT,Buy,419.28,3637
2026-01-01 09:39:46,GOOGL,Sell,175.07,133
2026-01-01 09:39:47,MSFT,Sell,419.15,821
2026-01-01 09:39:48,TSLA,Sell,248.69,4579
2026-01-01 09:39:49,AAPL,Buy,188.11,2892
2026-01-01 09:39:50,TSLA,Sell,248.67,1723
2026-01-01 09:39:51,GOOGL,Buy,175.24,3920
2026-01-01 09:39:52,MSFT,Sell,419.07,38430
2026-01-01 09:39:53,AAPL,Buy,187.89,569
2026-01-01 09:39:54,MSFT,Buy,418.87,4258
2026-01-01 09:39:55,MSFT,Buy,418.86,1361
2026-01-01 09:39:56,GOOGL,Sell,175.25,2582
2026-01-01 09:39:57,AAPL,Buy,187.79,1269
2026-01-01 09:39:58,TSLA,Sell,248.73,513
2026-01-01 09:39:59,MSFT,Sell,418.73,4001
2026-01-01 09:40:00,TSLA,Sell,248.87,2312
2026-01-01 09:40:01,AAPL,Sell,187.61,1254
2026-01-01 09:40:02,AAPL,Buy,187.62,3596
2026-01-01 09:40:03,MSFT,Buy,419.02,4844
2026-01-01 09:40:04,AAPL,Sell,187.79,4144
2026-01-01 09:40:05,MSFT,Buy,418.84,3816
2026-01-01 09:40:06,TSLA,Sell,248.86,803
2026-01-01 09:40:07,MSFT,Buy,418.89,1380
2026-01-01 09:40:08,AAPL,Buy,187.68,4530
2026-01-01 09:40:09,MSFT,Sell,418.97,1533
2026-01-01 09:40:10,GOOGL,Sell,175.5,3801
2026-01-01 09:40:11,TSLA,Sell,248.83,1104
2026-01-01 09:40:12,AAPL,Sell,187.69,3172
2026-01-01 09:40:13,AAPL,Buy,187.84,3584
2026-01-01 09:40:14,GOOGL,Sell,175.38,1089
2026-01-01 09:40:15,TSLA,Sell,249.01,246
2026-01-01 09:40:16,MSFT,Sell,419.17,430
2026-01-01 09:40:17,MSFT,Sell,419.23,2429
2026-01-01 09:40:18,TSLA,Buy,248.83,639
2026-01-01 09:40:19,MSFT,Sell,419.23,4543
2026-01-01 09:40:20,TSLA,Sell,249.04,1083
2026-01-01 09:40:21,TSLA,Buy,248.93,3153
2026-01-01 09:40:22,GOOGL,Sell,175.57,2129
2026-01-01 09:40:23,GOOGL,Buy,175.41,10303
2026-01-01 09:40:24,GOOGL,Buy,175.24,3684
2026-01-01 09:40:25,GOOGL,Buy,175.44,1881
2026-01-01 09:40:26,GOOGL,Sell,175.22,4911
2026-01-01 09:40:27,TSLA,Buy,248.8,1245
2026-01-01 09:40:28,MSFT,Sell,419.32,768
2026-01-01 09:40:29,MSFT,Buy,419.4,1314
2026-01-01 09:40:30,TSLA,Sell,248.92,1241
2026-01-01 09:40:31,TSLA,Buy,248.98,1504
2026-01-01 09:40:32,TSLA,Buy,249.05,1608
2026-01-01 09:40:33,AAPL,Buy,187.68,1958
2026-01-01 09:40:34,AAPL,Buy,187.73,18774
2026-01-01 09:40:35,TSLA,Buy,248.93,2238
2026-01-01 09:40:36,TSLA,Sell,248.89,2051
2026-01-01 09:40:37,TSLA,Buy,248.99,1661
2026-01-01 09:40:38,AAPL,Buy,187.79,675
2026-01-01 09:40:39,MSFT,Buy,419.33,494
2026-01-01 09:40:40,MSFT,Sell,419.37,4729
2026-01-01 09:40:41,TSLA,Sell,248.97,3451
2026-01-01 09:40:42,MSFT,Sell,419.43,2762
2026-01-01 09:40:43,MSFT,Buy,419.41,989
2026-01-01 09:40:44,TSLA,Buy,248.73,1541
2026-01-01 09:40:45,MSFT,Buy,419.2,1011
2026-01-01 09:40:46,GOOGL,Sell,175.22,3086
2026-01-01 09:40:47,MSFT,Sell,419.49,4657
2026-01-01 09:40:48,MSFT,Sell,419.62,3246
2026-01-01 09:40:49,TSLA,Sell,248.53,1705
2026-01-01 09:40:50,MSFT,Buy,419.45,4097
2026-01-01 09:40:51,GOOGL,Buy,175.3,3016
2026-01-01 09:40:52,GOOGL,Buy,175.27,28518
2026-01-01 09:40:53,TSLA,Sell,248.45,3205
2026-01-01 09:40:54,AAPL,Buy,187.85,4593
2026-01-01 09:40:55,MSFT,Buy,419.1,2363
2026-01-01 09:40:56,MSFT,Buy,419.1,3467
2026-01-01 09:40:57,TSLA,Buy,248.37,2332
2026-01-01 09:40:58,TSLA,Buy,248.33,3435
2026-01-01 09:40:59,MSFT,Buy,419.14,4463
2026-01-01 09:41:00,AAPL,Sell,187.82,3271
2026-01-01 09:41:01,MSFT,Sell,418.81,3258
2026-01-01 09:41:02,TSLA,Buy,248.55,4192
2026-01-01 09:41:03,MSFT,Buy,418.95,4396
2026-01-01 09:41:04,MSFT,Sell,418.96,3165
2026-01-01 09:41:05,AAPL,Sell,187.77,2501
2026-01-01 09:41:06,AAPL,Buy,187.9,3696
2026-01-01 09:41:07,GOOGL,Buy,175.29,15970
2026-01-01 09:41:08,MSFT,Sell,418.7,477
2026-01-01 09:41:09,TSLA,Buy,248.74,2355
2026-01-01 09:41:10,MSFT,Buy,418.72,2686
2026-01-01 09:41:11,GOOGL,Sell,175.33,618
2026-01-01 09:41:12,AAPL,Sell,187.87,2973
2026-01-01 09:41:13,GOOGL,Buy,175.36,1392
2026-01-01 09:41:14,TSLA,Sell,248.91,2242
2026-01-01 09:41:15,GOOGL,Buy,175.38,3837
2026-01-01 09:41:16,AAPL,Sell,187.91,4047
2026-01-01 09:41:17,AAPL,Sell,187.83,4123
2026-01-01 09:41:18,TSLA,Buy,249.11,26500
2026-01-01 09:41:19,GOOGL,Buy,175.49,2124
2026-01-01 09:41:20,AAPL,Sell,187.63,1357
2026-01-01 09:41:21,GOOGL,Sell,175.56,1931
2026-01-01 09:41:22,AAPL,Buy,187.74,3861
2026-01-01 09:41:23,MSFT,Buy,418.8,1216
2026-01-01 09:41:24,AAPL,Sell,187.76,4422
2026-01-01 09:41:25,AAPL,Sell,187.98,3258
2026-01-01 09:41:26,TSLA,Sell,249.03,4494
2026-01-01 09:41:27,TSLA,Buy,249.26,1606
2026-01-01 09:41:28,MSFT,Buy,418.72,1903
2026-01-01 09:41:29,AAPL,Buy,187.92,1437
2026-01-01 09:41:30,TSLA,Buy,249.46,4332
2026-01-01 09:41:31,AAPL,Buy,187.91,1173
2026-01-01 09:41:32,MSFT,Buy,418.79,4621
2026-01-01 09:41:33,AAPL,Sell,187.76,2697
2026-01-01 09:41:34,AAPL,Buy,187.48,2777
2026-01-01 09:41:35,GOOGL,Buy,175.4,3615
2026-01-01 09:41:36,TSLA,Sell,249.32,317
2026-01-01 09:41:37,MSFT,Sell,418.76,15755
2026-01-01 09:41:38,AAPL,Buy,187.44,1128
2026-01-01 09:41:39,AAPL,Buy,187.69,4794
2026-01-01 09:41:40,AAPL,Sell,187.8,1310
2026-01-01 09:41:41,TSLA,Sell,249.38,4295
2026-01-01 09:41:42,TSLA,Buy,249.34,614
2026-01-01 09:41:43,MSFT,Buy,418.91,3862
2026-01-01 09:41:44,TSLA,Sell,249.49,2557
2026-01-01 09:41:45,AAPL,Sell,187.95,4253
2026-01-01 09:41:46,MSFT,Sell,418.92,2768
2026-01-01 09:41:47,AAPL,Buy,187.93,1324
2026-01-01 09:41:48,GOOGL,Sell,175.47,2394
2026-01-01 09:41:49,AAPL,Sell,187.95,4387
2026-01-01 09:41:50,AAPL,Sell,187.83,2626
2026-01-01 09:41:51,GOOGL,Buy,175.44,3800
2026-01-01 09:41:52,MSFT,Sell,419.15,3549
2026-01-01 09:41:53,GOOGL,Sell,175.33,3082
2026-01-01 09:41:54,TSLA,Sell,249.51,2316
2026-01-01 09:41:55,AAPL,Sell,187.72,1102
2026-01-01 09:41:56,AAPL,Sell,187.67,1972
2026-01-01 09:41:57,TSLA,Sell,249.58,382
2026-01-01 09:41:58,TSLA,Buy,249.74,2500
2026-01-01 09:41:59,GOOGL,Sell,175.18,2060
2026-01-01 09:42:00,AAPL,Sell,187.61,831
2026-01-01 09:42:01,MSFT,Sell,419.21,1956
2026-01-01 09:42:02,GOOGL,Buy,175.54,1124
2026-01-01 09:42:03,AAPL,Buy,187.43,1929
2026-01-01 09:42:04,GOOGL,Buy,175.69,1611
2026-01-01 09:42:05,TSLA,Buy,250.04,1628
2026-01-01 09:42:06,MSFT,Sell,419.31,2655
2026-01-01 09:42:07,AAPL,Sell,187.38,1331
2026-01-01 09:42:08,GOOGL,Sell,176.06,344
2026-01-01 09:42:09,MSFT,Buy,419.28,3879
2026-01-01 09:42:10,MSFT,Sell,419.3,4329
2026-01-01 09:42:11,GOOGL,Sell,176.06,20883
2026-01-01 09:42:12,GOOGL,Buy,175.88,13430
2026-01-01 09:42:13,AAPL,Sell,187.45,315
2026-01-01 09:42:14,TSLA,Sell,250.2,3564
2026-01-01 09:42:15,GOOGL,Sell,175.85,3941
2026-01-01 09:42:16,TSLA,Sell,250.31,2521
2026-01-01 09:42:17,GOOGL,Buy,175.95,3781
2026-01-01 09:42:18,AAPL,Sell,187.42,1531
2026-01-01 09:42:19,AAPL,Sell,187.4,3014
2026-01-01 09:42:20,TSLA,Buy,250.38,2173
2026-01-01 09:42:21,MSFT,Buy,418.88,2978
2026-01-01 09:42:22,TSLA,Sell,250.34,2711
2026-01-01 09:42:23,MSFT,Sell,418.86,1089
2026-01-01 09:42:24,MSFT,Buy,418.74,3819
2026-01-01 09:42:25,TSLA,Sell,250.59,528
2026-01-01 09:42:26,AAPL,Sell,187.34,2674
2026-01-01 09:42:27,MSFT,Buy,418.8,4499
2026-01-01 09:42:28,MSFT,Buy,419.16,451
2026-01-01 09:42:29,TSLA,Sell,250.83,4710
2026-01-01 09:42:30,MSFT,Buy,419.23,3241
2026-01-01 09:42:31,AAPL,Buy,187.27,2118
2026-01-01 09:42:32,AAPL,Buy,187.14,1810
2026-01-01 09:42:33,GOOGL,Buy,176.02,793
2026-01-01 09:42:34,GOOGL,Sell,176.04,4921
2026-01-01 09:42:35,GOOGL,Buy,176.0,4286
2026-01-01 09:42:36,MSFT,Sell,419.09,506
2026-01-01 09:42:37,GOOGL,Sell,175.95,1380
2026-01-01 09:42:38,AAPL,Buy,186.73,3653
2026-01-01 09:42:39,MSFT,Sell,419.07,615
2026-01-01 09:42:40,TSLA,Sell,250.6,1293
2026-01-01 09:42:41,MSFT,Sell,419.22,501
2026-01-01 09:42:42,MSFT,Buy,419.44,2905
2026-01-01 09:42:43,MSFT,Sell,419.32,305
2026-01-01 09:42:44,GOOGL,Buy,175.85,184
2026-01-01 09:42:45,GOOGL,Sell,175.76,3134
2026-01-01 09:42:46,GOOGL,Sell,175.77,477
2026-01-01 09:42:47,GOOGL,Buy,175.67,34327
2026-01-01 09:42:48,GOOGL,Sell,175.79,1128
2026-01-01 09:42:49,MSFT,Sell,419.39,16735
2026-01-01 09:42:50,GOOGL,Sell,175.92,4880
2026-01-01 09:42:51,AAPL,Buy,186.73,1824
2026-01-01 09:42:52,MSFT,Buy,419.52,49661
2026-01-01 09:42:53,GOOGL,Buy,175.96,4920
2026-01-01 09:42:54,AAPL,Buy,186.73,4021
2026-01-01 09:42:55,MSFT,Sell,419.51,389
2026-01-01 09:42:56,GOOGL,Sell,175.78,562
2026-01-01 09:42:57,AAPL,Sell,186.95,2942
2026-01-01 09:42:58,AAPL,Sell,186.85,20477
2026-01-01 09:42:59,AAPL,Buy,186.72,1192
2026-01-01 09:43:00,TSLA,Buy,250.52,1427
2026-01-01 09:43:01,GOOGL,Buy,175.77,3087
2026-01-01 09:43:02,MSFT,Buy,419.77,2038
2026-01-01 09:43:03,GOOGL,Buy,175.6,2874
2026-01-01 09:43:04,GOOGL,Sell,175.48,3528
2026-01-01 09:43:05,GOOGL,Sell,175.36,27508
2026-01-01 09:43:06,MSFT,Sell,419.7,1905
2026-01-01 09:43:07,TSLA,Sell,250.46,3542
2026-01-01 09:43:08,TSLA,Buy,250.54,1864
2026-01-01 09:43:09,MSFT,Buy,419.7,3829
2026-01-01 09:43:10,MSFT,Buy,419.66,4439
2026-01-01 09:43:11,TSLA,Sell,250.67,2582
2026-01-01 09:43:12,AAPL,Buy,186.7,4509
2026-01-01 09:43:13,MSFT,Sell,419.7,597
2026-01-01 09:43:14,AAPL,Sell,186.72,4971
2026-01-01 09:43:15,AAPL,Sell,186.64,3895
2026-01-01 09:43:16,MSFT,Buy,419.7,655
2026-01-01 09:43:17,GOOGL,Sell,175.52,2031
2026-01-01 09:43:18,TSLA,Buy,250.69,3030
2026-01-01 09:43:19,GOOGL,Buy,175.51,389
2026-01-01 09:43:20,TSLA,Sell,250.97,4441
2026-01-01 09:43:21,GOOGL,Buy,175.5,3246
2026-01-01 09:43:22,AAPL,Buy,186.54,2409
2026-01-01 09:43:23,MSFT,Sell,420.03,217
2026-01-01 09:43:24,MSFT,Sell,420.13,4512
2026-01-01 09:43:25,MSFT,Buy,420.13,39936
2026-01-01 09:43:26,AAPL,Sell,186.31,1859
2026-01-01 09:43:27,AAPL,Sell,186.15,2969
2026-01-01 09:43:28,GOOGL,Buy,175.3,29960
2026-01-01 09:43:29,AAPL,Buy,186.03,2536
2026-01-01 09:43:30,TSLA,Buy,251.12,2493
2026-01-01 09:43:31,TSLA,Sell,250.98,4805
2026-01-01 09:43:32,TSLA,Sell,250.91,4587
2026-01-01 09:43:33,TSLA,Sell,251.09,37532
2026-01-01 09:43:34,GOOGL,Buy,174.92,1923
2026-01-01 09:43:35,MSFT,Sell,419.96,360
2026-01-01 09:43:36,TSLA,Sell,251.28,4659
2026-01-01 09:43:37,GOOGL,Buy,175.3,10310
2026-01-01 09:43:38,GOOGL,Sell,175.15,3096
2026-01-01 09:43:39,TSLA,Sell,251.46,33785
2026-01-01 09:43:40,TSLA,Buy,251.07,4453
2026-01-01 09:43:41,MSFT,Sell,419.69,2130
2026-01-01 09:43:42,AAPL,Buy,186.05,1899
2026-01-01 09:43:43,GOOGL,Buy,175.16,1314
2026-01-01 09:43:44,TSLA,Buy,250.92,2072
2026-01-01 09:43:45,TSLA,Buy,251.09,3375
2026-01-01 09:43:46,GOOGL,Buy,175.19,1736
2026-01-01 09:43:47,GOOGL,Sell,175.06,1501
2026-01-01 09:43:48,MSFT,Sell,419.77,1836
2026-01-01 09:43:49,TSLA,Buy,251.04,2247
2026-01-01 09:43:50,GOOGL,Sell,175.23,3026
2026-01-01 09:43:51,AAPL,Sell,185.99,3784
2026-01-01 09:43:52,AAPL,Sell,185.77,1766
2026-01-01 09:43:53,TSLA,Sell,251.09,4931
2026-01-01 09:43:54,AAPL,Buy,185.91,2872
2026-01-01 09:43:55,MSFT,Buy,419.82,1346
2026-01-01 09:43:56,TSLA,Buy,251.31,4065
2026-01-01 09:43:57,GOOGL,Sell,175.08,2612
2026-01-01 09:43:58,TSLA,Buy,251.58,637
2026-01-01 09:43:59,GOOGL,Buy,174.99,1024
2026-01-01 09:44:00,GOOGL,Sell,175.08,3103
2026-01-01 09:44:01,TSLA,Buy,251.61,24617
2026-01-01 09:44:02,AAPL,Sell,185.89,2677
2026-01-01 09:44:03,GOOGL,Buy,174.85,4893
2026-01-01 09:44:04,TSLA,Sell,251.51,3831
2026-01-01 09:44:05,GOOGL,Buy,174.66,1827
2026-01-01 09:44:06,AAPL,Sell,185.91,1051
2026-01-01 09:44:07,AAPL,Sell,185.94,32958
2026-01-01 09:44:08,MSFT,Sell,419.95,1722
2026-01-01 09:44:09,GOOGL,Buy,174.62,3041
2026-01-01 09:44:10,AAPL,Buy,185.84,2018
2026-01-01 09:44:11,MSFT,Buy,420.06,962
2026-01-01 09:44:12,TSLA,Sell,251.82,4372
2026-01-01 09:44:13,AAPL,Sell,185.66,4370
2026-01-01 09:44:14,MSFT,Buy,420.27,293
2026-01-01 09:44:15,AAPL,Sell,185.82,10038
2026-01-01 09:44:16,AAPL,Buy,186.03,2683
2026-01-01 09:44:17,GOOGL,Buy,174.75,1602
2026-01-01 09:44:18,TSLA,Buy,251.66,359
2026-01-01 09:44:19,GOOGL,Sell,174.66,4531
2026-01-01 09:44:20,AAPL,Sell,186.02,3071
2026-01-01 09:44:21,TSLA,Buy,251.64,4097
2026-01-01 09:44:22,GOOGL,Sell,174.76,3849
2026-01-01 09:44:23,AAPL,Buy,185.95,4439
2026-01-01 09:44:24,TSLA,Buy,251.67,458
2026-01-01 09:44:25,AAPL,Sell,185.97,2798
2026-01-01 09:44:26,AAPL,Sell,185.93,2116
2026-01-01 09:44:27,TSLA,Buy,251.52,264
2026-01-01 09:44:28,AAPL,Buy,185.8,2200
2026-01-01 09:44:29,TSLA,Buy,251.61,2108
2026-01-01 09:44:30,MSFT,Sell,420.34,467
2026-01-01 09:44:31,AAPL,Buy,185.75,463
2026-01-01 09:44:32,TSLA,Buy,251.77,3958
2026-01-01 09:44:33,AAPL,Buy,185.91,3398
2026-01-01 09:44:34,GOOGL,Buy,174.69,3719
2026-01-01 09:44:35,GOOGL,Buy,174.49,786
2026-01-01 09:44:36,AAPL,Sell,185.99,1402
2026-01-01 09:44:37,MSFT,Sell,420.31,1835
2026-01-01 09:44:38,MSFT,Sell,420.29,4073
2026-01-01 09:44:39,GOOGL,Sell,174.78,1884
2026-01-01 09:44:40,MSFT,Buy,420.27,3331
2026-01-01 09:44:41,TSLA,Buy,251.81,4894
2026-01-01 09:44:42,MSFT,Sell,420.38,4798
2026-01-01 09:44:43,GOOGL,Sell,174.99,2289
2026-01-01 09:44:44,GOOGL,Buy,175.01,129
2026-01-01 09:44:45,MSFT,Sell,420.57,2351
2026-01-01 09:44:46,GOOGL,Buy,174.98,1866
2026-01-01 09:44:47,GOOGL,Buy,175.4,4580
2026-01-01 09:44:48,MSFT,Sell,420.41,635
2026-01-01 09:44:49,MSFT,Buy,420.33,206
2026-01-01 09:44:50,GOOGL,Sell,175.55,3190
2026-01-01 09:44:51,GOOGL,Buy,175.32,3678
2026-01-01 09:44:52,MSFT,Sell,420.64,4722
2026-01-01 09:44:53,MSFT,Sell,420.6,2237
2026-01-01 09:44:54,GOOGL,Buy,175.17,3054
2026-01-01 09:44:55,MSFT,Sell,420.38,178
2026-01-01 09:44:56,MSFT,Sell,420.47,3001
2026-01-01 09:44:57,TSLA,Buy,251.92,3604
2026-01-01 09:44:58,TSLA,Sell,251.9,4969
2026-01-01 09:44:59,AAPL,Sell,185.97,3790
2026-01-01 09:45:00,TSLA,Buy,252.02,3371
2026-01-01 09:45:01,AAPL,Buy,185.75,2962
2026-01-01 09:45:02,MSFT,Buy,420.5,672
2026-01-01 09:45:03,AAPL,Sell,185.9,4926
2026-01-01 09:45:04,TSLA,Sell,251.93,2560
2026-01-01 09:45:05,TSLA,Sell,251.92,1396
2026-01-01 09:45:06,TSLA,Sell,251.87,463
2026-01-01 09:45:07,TSLA,Buy,251.91,2598
2026-01-01 09:45:08,MSFT,Buy,420.46,3485
2026-01-01 09:45:09,TSLA,Buy,252.1,36584
2026-01-01 09:45:10,AAPL,Sell,185.94,44467
2026-01-01 09:45:11,GOOGL,Sell,175.15,2639
2026-01-01 09:45:12,GOOGL,Sell,175.15,4450
2026-01-01 09:45:13,TSLA,Sell,252.01,20016
2026-01-01 09:45:14,GOOGL,Buy,175.28,1071
2026-01-01 09:45:15,TSLA,Sell,252.06,3066
2026-01-01 09:45:16,GOOGL,Sell,175.35,3821
2026-01-01 09:45:17,GOOGL,Buy,175.22,1940
2026-01-01 09:45:18,MSFT,Buy,420.52,4800
2026-01-01 09:45:19,MSFT,Sell,420.44,2307
2026-01-01 09:45:20,GOOGL,Buy,175.03,1669
2026-01-01 09:45:21,TSLA,Buy,252.01,3286
2026-01-01 09:45:22,GOOGL,Buy,174.95,4662
2026-01-01 09:45:23,TSLA,Sell,251.66,3744
2026-01-01 09:45:24,TSLA,Buy,251.44,732
2026-01-01 09:45:25,AAPL,Sell,185.75,3351
2026-01-01 09:45:26,TSLA,Sell,251.57,3987
2026-01-01 09:45:27,MSFT,Sell,420.68,3271
2026-01-01 09:45:28,GOOGL,Buy,174.92,4683
2026-01-01 09:45:29,TSLA,Buy,251.62,761
2026-01-01 09:45:30,AAPL,Buy,185.91,765
2026-01-01 09:45:31,MSFT,Buy,420.37,204
2026-01-01 09:45:32,TSLA,Buy,251.78,4853
2026-01-01 09:45:33,TSLA,Buy,251.67,2236
2026-01-01 09:45:34,GOOGL,Buy,174.96,566
2026-01-01 09:45:35,GOOGL,Buy,174.67,1227
2026-01-01 09:45:36,MSFT,Sell,420.38,1810
2026-01-01 09:45:37,TSLA,Sell,251.53,3618
2026-01-01 09:45:38,TSLA,Sell,251.73,2174
2026-01-01 09:45:39,AAPL,Buy,186.22,2553
2026-01-01 09:45:40,MSFT,Buy,420.5,1207
2026-01-01 09:45:41,AAPL,Sell,186.37,2146
2026-01-01 09:45:42,GOOGL,Buy,174.6,476
2026-01-01 09:45:43,MSFT,Sell,420.42,456
2026-01-01 09:45:44,TSLA,Sell,251.63,11220
2026-01-01 09:45:45,GOOGL,Sell,174.75,2526
2026-01-01 09:45:46,AAPL,Sell,186.4,2427
2026-01-01 09:45:47,TSLA,Sell,251.5,3558
2026-01-01 09:45:48,AAPL,Sell,186.28,2493
2026-01-01 09:45:49,AAPL,Buy,186.36,1630
2026-01-01 09:45:50,TSLA,Sell,251.23,44813
2026-01-01 09:45:51,MSFT,Sell,420.35,2305
2026-01-01 09:45:52,AAPL,Buy,186.34,2996
2026-01-01 09:45:53,TSLA,Buy,251.54,3542
2026-01-01 09:45:54,MSFT,Sell,420.48,3156
2026-01-01 09:45:55,AAPL,Sell,186.47,2658
2026-01-01 09:45:56,TSLA,Buy,251.71,44206
2026-01-01 09:45:57,AAPL,Sell,186.41,4844
2026-01-01 09:45:58,GOOGL,Sell,174.73,3036
2026-01-01 09:45:59,AAPL,Sell,186.44,3464
2026-01-01 09:46:00,MSFT,Sell,420.44,2111
2026-01-01 09:46:01,AAPL,Buy,186.06,2152
2026-01-01 09:46:02,MSFT,Sell,420.13,4325
2026-01-01 09:46:03,TSLA,Sell,252.06,3141
2026-01-01 09:46:04,AAPL,Sell,186.04,499
2026-01-01 09:46:05,TSLA,Buy,252.27,4753
2026-01-01 09:46:06,AAPL,Sell,186.11,2702
2026-01-01 09:46:07,MSFT,Sell,420.12,132
2026-01-01 09:46:08,MSFT,Sell,419.88,4747
2026-01-01 09:46:09,GOOGL,Buy,174.52,221
2026-01-01 09:46:10,TSLA,Buy,252.1,4992
2026-01-01 09:46:11,AAPL,Buy,186.43,1663
2026-01-01 09:46:12,TSLA,Buy,251.77,2356
2026-01-01 09:46:13,AAPL,Sell,186.33,1663
2026-01-01 09:46:14,MSFT,Buy,419.7,2982
2026-01-01 09:46:15,MSFT,Buy,419.69,31257
2026-01-01 09:46:16,TSLA,Buy,252.05,4969
2026-01-01 09:46:17,TSLA,Sell,251.96,560
2026-01-01 09:46:18,TSLA,Buy,252.11,2223
2026-01-01 09:46:19,AAPL,Buy,186.31,1706
2026-01-01 09:46:20,MSFT,Buy,419.65,1888
2026-01-01 09:46:21,AAPL,Sell,186.54,2282
2026-01-01 09:46:22,GOOGL,Buy,174.73,1646
2026-01-01 09:46:23,GOOGL,Buy,174.7,4239
2026-01-01 09:46:24,TSLA,Buy,252.32,4117
2026-01-01 09:46:25,AAPL,Sell,186.67,4731
2026-01-01 09:46:26,MSFT,Buy,419.55,812
2026-01-01 09:46:27,AAPL,Sell,186.45,2019
2026-01-01 09:46:28,GOOGL,Sell,174.62,2805
2026-01-01 09:46:29,GOOGL,Buy,174.89,1718
2026-01-01 09:46:30,AAPL,Buy,186.35,4752
2026-01-01 09:46:31,MSFT,Buy,419.59,2130
2026-01-01 09:46:32,AAPL,Sell,186.45,1369
2026-01-01 09:46:33,MSFT,Buy,419.58,4241
2026-01-01 09:46:34,AAPL,Sell,186.64,31652
2026-01-01 09:46:35,AAPL,Sell,186.57,3255
2026-01-01 09:46:36,GOOGL,Sell,174.75,674
2026-01-01 09:46:37,GOOGL,Buy,174.71,1769
2026-01-01 09:46:38,MSFT,Sell,419.42,3894
2026-01-01 09:46:39,TSLA,Sell,252.47,21108
2026-01-01 09:46:40,MSFT,Sell,419.4,4267
2026-01-01 09:46:41,GOOGL,Sell,174.61,3901
2026-01-01 09:46:42,AAPL,Buy,186.44,4926
2026-01-01 09:46:43,MSFT,Buy,419.37,1864
2026-01-01 09:46:44,AAPL,Sell,186.19,1423
2026-01-01 09:46:45,GOOGL,Sell,174.6,976
2026-01-01 09:46:46,MSFT,Sell,419.33,3278
2026-01-01 09:46:47,AAPL,Sell,186.21,3476
2026-01-01 09:46:48,TSLA,Sell,252.35,4271
2026-01-01 09:46:49,TSLA,Sell,252.41,588
2026-01-01 09:46:50,MSFT,Sell,419.37,3293
2026-01-01 09:46:51,GOOGL,Sell,174.4,2228
2026-01-01 09:46:52,MSFT,Buy,419.31,285
2026-01-01 09:46:53,GOOGL,Sell,174.45,4452
2026-01-01 09:46:54,GOOGL,Buy,174.39,1549
2026-01-01 09:46:55,AAPL,Sell,186.17,2236
2026-01-01 09:46:56,GOOGL,Buy,174.74,2648
2026-01-01 09:46:57,AAPL,Sell,186.21,2359
2026-01-01 09:46:58,MSFT,Buy,419.45,1763
2026-01-01 09:46:59,GOOGL,Sell,174.84,4027
2026-01-01 09:47:00,GOOGL,Sell,174.97,30064
2026-01-01 09:47:01,AAPL,Sell,186.74,4718
2026-01-01 09:47:02,GOOGL,Sell,174.96,18122
2026-01-01 09:47:03,MSFT,Buy,419.21,2443
2026-01-01 09:47:04,GOOGL,Buy,174.82,965
2026-01-01 09:47:05,TSLA,Sell,252.4,17262
2026-01-01 09:47:06,TSLA,Buy,252.26,4516
2026-01-01 09:47:07,AAPL,Sell,186.69,1295
2026-01-01 09:47:08,AAPL,Buy,186.46,2975
2026-01-01 09:47:09,MSFT,Buy,419.19,4561
2026-01-01 09:47:10,TSLA,Sell,252.25,3668
2026-01-01 09:47:11,TSLA,Sell,251.98,3408
2026-01-01 09:47:12,TSLA,Sell,251.77,3241
2026-01-01 09:47:13,TSLA,Buy,251.9,1890
2026-01-01 09:47:14,TSLA,Buy,251.88,1528
2026-01-01 09:47:15,TSLA,Buy,251.76,2175
2026-01-01 09:47:16,MSFT,Sell,419.06,1884
2026-01-01 09:47:17,MSFT,Sell,418.93,1073
2026-01-01 09:47:18,TSLA,Buy,251.75,4308
2026-01-01 09:47:19,TSLA,Sell,252.07,3114
2026-01-01 09:47:20,MSFT,Sell,419.09,1759
2026-01-01 09:47:21,MSFT,Buy,419.04,1690
2026-01-01 09:47:22,GOOGL,Sell,174.9,2378
2026-01-01 09:47:23,MSFT,Sell,419.07,2728
2026-01-01 09:47:24,GOOGL,Sell,174.91,1462
2026-01-01 09:47:25,GOOGL,Buy,175.12,3821
2026-01-01 09:47:26,MSFT,Sell,418.9,1549
2026-01-01 09:47:27,TSLA,Sell,251.85,3533
2026-01-01 09:47:28,AAPL,Buy,186.48,3269
2026-01-01 09:47:29,TSLA,Buy,251.76,1106
2026-01-01 09:47:30,MSFT,Buy,418.79,1693
2026-01-01 09:47:31,GOOGL,Buy,174.83,4425
2026-01-01 09:47:32,GOOGL,Sell,174.68,2332
2026-01-01 09:47:33,TSLA,Sell,251.56,2843
2026-01-01 09:47:34,MSFT,Sell,418.7,1538
2026-01-01 09:47:35,GOOGL,Sell,174.44,4447
2026-01-01 09:47:36,MSFT,Buy,418.52,4994
2026-01-01 09:47:37,GOOGL,Buy,174.45,4771
2026-01-01 09:47:38,TSLA,Sell,251.66,3392
2026-01-01 09:47:39,MSFT,Buy,418.79,1548
2026-01-01 09:47:40,GOOGL,Buy,174.36,448
2026-01-01 09:47:41,GOOGL,Buy,174.43,3944
2026-01-01 09:47:42,GOOGL,Sell,174.57,2040
2026-01-01 09:47:43,TSLA,Sell,252.07,3523
2026-01-01 09:47:44,AAPL,Buy,186.47,1458
2026-01-01 09:47:45,TSLA,Buy,252.37,727
2026-01-01 09:47:46,GOOGL,Sell,174.54,1222
2026-01-01 09:47:47,TSLA,Buy,252.57,3835
2026-01-01 09:47:48,MSFT,Sell,419.13,3453
2026-01-01 09:47:49,MSFT,Buy,419.36,4734
2026-01-01 09:47:50,GOOGL,Sell,174.45,254
2026-01-01 09:47:51,GOOGL,Sell,174.29,468
2026-01-01 09:47:52,TSLA,Sell,252.45,3114
2026-01-01 09:47:53,AAPL,Sell,186.42,15463
2026-01-01 09:47:54,MSFT,Buy,419.29,4184
2026-01-01 09:47:55,GOOGL,Buy,174.41,4513
2026-01-01 09:47:56,AAPL,Sell,186.51,1159
2026-01-01 09:47:57,MSFT,Sell,419.03,4424
2026-01-01 09:47:58,MSFT,Sell,418.85,1059
2026-01-01 09:47:59,AAPL,Sell,186.69,2840
2026-01-01 09:48:00,AAPL,Sell,186.78,1572
2026-01-01 09:48:01,GOOGL,Buy,174.38,2113
2026-01-01 09:48:02,MSFT,Sell,418.89,3815
2026-01-01 09:48:03,MSFT,Sell,418.8,2131
2026-01-01 09:48:04,AAPL,Buy,186.83,1560
2026-01-01 09:48:05,AAPL,Buy,186.83,4646
2026-01-01 09:48:06,MSFT,Sell,418.77,755
2026-01-01 09:48:07,TSLA,Sell,252.17,3840
2026-01-01 09:48:08,MSFT,Sell,418.46,4483
2026-01-01 09:48:09,GOOGL,Buy,174.43,3005
2026-01-01 09:48:10,MSFT,Sell,418.42,2452
2026-01-01 09:48:11,AAPL,Buy,186.84,496
2026-01-01 09:48:12,MSFT,Sell,418.4,1354
2026-01-01 09:48:13,TSLA,Buy,252.21,2418
2026-01-01 09:48:14,AAPL,Buy,186.71,1835
2026-01-01 09:48:15,TSLA,Buy,251.99,535
2026-01-01 09:48:16,TSLA,Sell,251.96,4965
2026-01-01 09:48:17,AAPL,Buy,186.66,737
2026-01-01 09:48:18,TSLA,Buy,251.8,35092
2026-01-01 09:48:19,AAPL,Sell,186.67,4080
2026-01-01 09:48:20,GOOGL,Sell,174.43,3731
2026-01-01 09:48:21,MSFT,Sell,418.44,4037
2026-01-01 09:48:22,TSLA,Sell,252.02,17187
2026-01-01 09:48:23,GOOGL,Sell,174.39,1113
2026-01-01 09:48:24,AAPL,Sell,186.7,3615
2026-01-01 09:48:25,TSLA,Sell,252.04,168
2026-01-01 09:48:26,GOOGL,Buy,174.15,24405
2026-01-01 09:48:27,TSLA,Buy,252.1,44071
2026-01-01 09:48:28,AAPL,Sell,186.83,356
2026-01-01 09:48:29,TSLA,Buy,252.23,3100
2026-01-01 09:48:30,MSFT,Sell,418.43,3699
2026-01-01 09:48:31,AAPL,Sell,186.91,3009
2026-01-01 09:48:32,MSFT,Sell,418.33,4576
2026-01-01 09:48:33,AAPL,Sell,186.73,572
2026-01-01 09:48:34,AAPL,Buy,186.67,4225
2026-01-01 09:48:35,AAPL,Sell,186.66,3730
2026-01-01 09:48:36,GOOGL,Sell,174.27,3840
2026-01-01 09:48:37,MSFT,Buy,418.45,34648
2026-01-01 09:48:38,AAPL,Sell,186.62,46522
2026-01-01 09:48:39,TSLA,Buy,252.19,4719
2026-01-01 09:48:40,TSLA,Sell,252.15,3481
2026-01-01 09:48:41,AAPL,Buy,186.46,3651
2026-01-01 09:48:42,AAPL,Buy,186.54,1031
2026-01-01 09:48:43,TSLA,Sell,252.1,1043
2026-01-01 09:48:44,TSLA,Buy,252.12,1771
2026-01-01 09:48:45,GOOGL,Sell,174.25,1062
2026-01-01 09:48:46,MSFT,Sell,418.44,3570
2026-01-01 09:48:47,TSLA,Buy,252.14,2208
2026-01-01 09:48:48,GOOGL,Buy,174.14,3759
2026-01-01 09:48:49,AAPL,Buy,186.58,4059
2026-01-01 09:48:50,GOOGL,Sell,173.72,3406
2026-01-01 09:48:51,TSLA,Buy,252.07,1879
2026-01-01 09:48:52,MSFT,Buy,418.4,18504
2026-01-01 09:48:53,AAPL,Sell,186.65,3534
2026-01-01 09:48:54,GOOGL,Sell,173.75,1107
2026-01-01 09:48:55,TSLA,Sell,252.27,389
2026-01-01 09:48:56,MSFT,Buy,418.15,2130
2026-01-01 09:48:57,MSFT,Sell,417.76,975
2026-01-01 09:48:58,MSFT,Buy,417.66,2149
2026-01-01 09:48:59,GOOGL,Sell,173.88,2493
2026-01-01 09:49:00,AAPL,Sell,186.73,1686
2026-01-01 09:49:01,AAPL,Buy,186.69,2113
2026-01-01 09:49:02,AAPL,Buy,186.76,1247
2026-01-01 09:49:03,TSLA,Buy,252.2,4231
2026-01-01 09:49:04,GOOGL,Buy,173.9,352
2026-01-01 09:49:05,AAPL,Buy,186.92,4603
2026-01-01 09:49:06,MSFT,Sell,417.72,3133
2026-01-01 09:49:07,MSFT,Sell,417.78,2814
2026-01-01 09:49:08,MSFT,Buy,417.84,2160
2026-01-01 09:49:09,MSFT,Buy,418.07,1862
2026-01-01 09:49:10,MSFT,Sell,418.26,3553
2026-01-01 09:49:11,GOOGL,Sell,173.85,2672
2026-01-01 09:49:12,MSFT,Sell,418.26,3906
2026-01-01 09:49:13,MSFT,Buy,418.18,3510
2026-01-01 09:49:14,MSFT,Sell,417.91,390
2026-01-01 09:49:15,MSFT,Sell,417.9,436
2026-01-01 09:49:16,TSLA,Buy,252.19,3038
2026-01-01 09:49:17,AAPL,Sell,187.01,4543
2026-01-01 09:49:18,TSLA,Sell,252.09,2127
2026-01-01 09:49:19,MSFT,Sell,417.98,215
2026-01-01 09:49:20,TSLA,Buy,252.09,1961
2026-01-01 09:49:21,AAPL,Buy,186.88,4833
2026-01-01 09:49:22,AAPL,Buy,186.87,4864
2026-01-01 09:49:23,TSLA,Sell,252.02,3417
2026-01-01 09:49:24,TSLA,Buy,251.9,2787
2026-01-01 09:49:25,GOOGL,Buy,173.8,1171
2026-01-01 09:49:26,MSFT,Sell,417.73,2436
2026-01-01 09:49:27,MSFT,Sell,418.16,2928
2026-01-01 09:49:28,TSLA,Buy,252.01,1197
2026-01-01 09:49:29,MSFT,Sell,418.44,1213
2026-01-01 09:49:30,AAPL,Buy,187.12,941
2026-01-01 09:49:31,GOOGL,Sell,173.6,3721
2026-01-01 09:49:32,GOOGL,Sell,173.33,2778
2026-01-01 09:49:33,AAPL,Buy,186.99,4292
2026-01-01 09:49:34,AAPL,Sell,187.04,4453
2026-01-01 09:49:35,MSFT,Sell,418.51,4243
2026-01-01 09:49:36,GOOGL,Buy,173.26,4423
2026-01-01 09:49:37,TSLA,Buy,251.98,1010
2026-01-01 09:49:38,GOOGL,Sell,173.0,170
2026-01-01 09:49:39,TSLA,Sell,252.16,2606
2026-01-01 09:49:40,GOOGL,Sell,172.86,10922
2026-01-01 09:49:41,AAPL,Sell,187.03,2617
2026-01-01 09:49:42,GOOGL,Sell,173.04,765
2026-01-01 09:49:43,TSLA,Sell,252.14,701
2026-01-01 09:49:44,MSFT,Buy,418.16,19719
2026-01-01 09:49:45,TSLA,Sell,252.3,4919
2026-01-01 09:49:46,MSFT,Sell,418.17,3638
2026-01-01 09:49:47,GOOGL,Sell,172.95,2236
2026-01-01 09:49:48,TSLA,Buy,252.52,2818
2026-01-01 09:49:49,TSLA,Buy,252.29,4153
2026-01-01 09:49:50,GOOGL,Sell,173.2,3452
2026-01-01 09:49:51,GOOGL,Sell,173.25,49038
2026-01-01 09:49:52,AAPL,Sell,186.88,3579
2026-01-01 09:49:53,MSFT,Buy,418.11,1639
2026-01-01 09:49:54,AAPL,Sell,186.82,3284
2026-01-01 09:49:55,GOOGL,Sell,173.24,1141
2026-01-01 09:49:56,TSLA,Sell,252.26,676
2026-01-01 09:49:57,MSFT,Sell,418.13,4400
2026-01-01 09:49:58,MSFT,Buy,417.87,414
2026-01-01 09:49:59,GOOGL,Buy,173.17,400
2026-01-01 09:50:00,TSLA,Buy,252.42,1633
2026-01-01 09:50:01,TSLA,Buy,252.54,532
2026-01-01 09:50:02,AAPL,Buy,186.82,4345
2026-01-01 09:50:03,TSLA,Buy,252.36,2504
2026-01-01 09:50:04,TSLA,Buy,252.41,1969
2026-01-01 09:50:05,TSLA,Buy,252.37,1274
2026-01-01 09:50:06,MSFT,Sell,417.71,2647
2026-01-01 09:50:07,MSFT,Buy,417.72,146
2026-01-01 09:50:08,GOOGL,Sell,173.33,657
2026-01-01 09:50:09,AAPL,Sell,186.85,4588
2026-01-01 09:50:10,MSFT,Buy,417.58,4046
2026-01-01 09:50:11,AAPL,Buy,186.92,2826
2026-01-01 09:50:12,AAPL,Buy,186.8,1238
2026-01-01 09:50:13,AAPL,Sell,186.68,3425
2026-01-01 09:50:14,MSFT,Buy,417.63,315
2026-01-01 09:50:15,AAPL,Sell,186.56,643
2026-01-01 09:50:16,AAPL,Sell,186.72,4472
2026-01-01 09:50:17,AAPL,Buy,186.81,2599
2026-01-01 09:50:18,GOOGL,Buy,173.29,2011
2026-01-01 09:50:19,GOOGL,Buy,173.33,3201
2026-01-01 09:50:20,GOOGL,Sell,173.16,624
2026-01-01 09:50:21,TSLA,Buy,252.39,3147
2026-01-01 09:50:22,GOOGL,Sell,173.15,3614
2026-01-01 09:50:23,TSLA,Buy,252.38,4190
2026-01-01 09:50:24,TSLA,Sell,252.25,4681
2026-01-01 09:50:25,GOOGL,Buy,173.08,3897
2026-01-01 09:50:26,AAPL,Sell,186.68,4002
2026-01-01 09:50:27,MSFT,Sell,417.55,1818
2026-01-01 09:50:28,GOOGL,Sell,172.69,4241
2026-01-01 09:50:29,TSLA,Buy,252.34,109
2026-01-01 09:50:30,GOOGL,Buy,172.78,182
2026-01-01 09:50:31,MSFT,Buy,417.55,4913
2026-01-01 09:50:32,GOOGL,Sell,172.66,2617
2026-01-01 09:50:33,MSFT,Buy,417.4,3148
2026-01-01 09:50:34,AAPL,Buy,186.78,112
2026-01-01 09:50:35,GOOGL,Buy,172.56,1957
2026-01-01 09:50:36,TSLA,Buy,252.43,1455
2026-01-01 09:50:37,GOOGL,Sell,172.79,4940
2026-01-01 09:50:38,TSLA,Sell,252.12,1170
2026-01-01 09:50:39,TSLA,Buy,252.31,4864
2026-01-01 09:50:40,AAPL,Buy,186.8,2755
2026-01-01 09:50:41,MSFT,Sell,417.53,4526
2026-01-01 09:50:42,AAPL,Sell,186.4,3652
2026-01-01 09:50:43,MSFT,Sell,417.56,281
2026-01-01 09:50:44,TSLA,Sell,252.6,1831
2026-01-01 09:50:45,GOOGL,Sell,172.87,1079
2026-01-01 09:50:46,GOOGL,Buy,172.82,1673
2026-01-01 09:50:47,MSFT,Buy,417.53,3102
2026-01-01 09:50:48,TSLA,Buy,252.68,3377
2026-01-01 09:50:49,TSLA,Sell,252.78,4526
2026-01-01 09:50:50,TSLA,Buy,252.76,2865
2026-01-01 09:50:51,AAPL,Buy,186.6,1904
2026-01-01 09:50:52,MSFT,Buy,417.3,2974
2026-01-01 09:50:53,AAPL,Buy,186.68,268
2026-01-01 09:50:54,TSLA,Sell,252.45,4669
2026-01-01 09:50:55,TSLA,Buy,252.47,3553
2026-01-01 09:50:56,MSFT,Buy,417.14,1055
2026-01-01 09:50:57,TSLA,Buy,252.53,1349
2026-01-01 09:50:58,MSFT,Sell,417.2,2637
2026-01-01 09:50:59,GOOGL,Buy,172.83,4092
2026-01-01 09:51:00,GOOGL,Buy,172.64,3957
2026-01-01 09:51:01,GOOGL,Sell,172.63,1307
2026-01-01 09:51:02,AAPL,Buy,186.88,2391
2026-01-01 09:51:03,MSFT,Buy,417.23,4285
2026-01-01 09:51:04,MSFT,Sell,417.2,1118
2026-01-01 09:51:05,GOOGL,Buy,172.81,4484
2026-01-01 09:51:06,GOOGL,Buy,172.7,4098
2026-01-01 09:51:07,AAPL,Buy,186.8,5000
2026-01-01 09:51:08,GOOGL,Buy,172.5,3872
2026-01-01 09:51:09,TSLA,Sell,252.36,1136
2026-01-01 09:51:10,MSFT,Buy,417.4,2276
2026-01-01 09:51:11,MSFT,Sell,417.61,4112
2026-01-01 09:51:12,MSFT,Buy,417.65,4895
2026-01-01 09:51:13,TSLA,Sell,252.42,4984
2026-01-01 09:51:14,AAPL,Buy,187.01,3860
2026-01-01 09:51:15,AAPL,Sell,187.21,1597
2026-01-01 09:51:16,AAPL,Buy,187.58,3565
2026-01-01 09:51:17,MSFT,Sell,417.53,2371
2026-01-01 09:51:18,MSFT,Buy,417.57,2907
2026-01-01 09:51:19,TSLA,Buy,252.42,21318
2026-01-01 09:51:20,AAPL,Sell,187.64,2999
2026-01-01 09:51:21,TSLA,Buy,252.41,4069
2026-01-01 09:51:22,TSLA,Buy,252.24,3152
2026-01-01 09:51:23,TSLA,Buy,252.59,1272
2026-01-01 09:51:24,MSFT,Sell,417.6,3692
2026-01-01 09:51:25,GOOGL,Sell,172.47,3646
2026-01-01 09:51:26,AAPL,Sell,187.64,2074
2026-01-01 09:51:27,TSLA,Buy,252.6,216
2026-01-01 09:51:28,TSLA,Sell,252.62,1171
2026-01-01 09:51:29,MSFT,Buy,417.55,328
2026-01-01 09:51:30,GOOGL,Sell,172.61,1500
2026-01-01 09:51:31,GOOGL,Buy,172.7,3213
2026-01-01 09:51:32,MSFT,Buy,417.34,1005
2026-01-01 09:51:33,AAPL,Sell,187.5,1764
2026-01-01 09:51:34,AAPL,Buy,187.57,2855
2026-01-01 09:51:35,GOOGL,Sell,172.64,430
2026-01-01 09:51:36,GOOGL,Buy,172.49,2746
2026-01-01 09:51:37,GOOGL,Sell,172.62,179
2026-01-01 09:51:38,TSLA,Buy,252.3,3023
2026-01-01 09:51:39,MSFT,Sell,417.18,16266
2026-01-01 09:51:40,MSFT,Buy,417.27,2359
2026-01-01 09:51:41,GOOGL,Sell,172.65,1535
2026-01-01 09:51:42,TSLA,Buy,252.27,2754
2026-01-01 09:51:43,MSFT,Buy,417.09,3348
2026-01-01 09:51:44,GOOGL,Buy,172.89,13024
2026-01-01 09:51:45,MSFT,Sell,417.22,4894
2026-01-01 09:51:46,GOOGL,Sell,172.97,4110
2026-01-01 09:51:47,AAPL,Buy,187.55,4399
2026-01-01 09:51:48,MSFT,Buy,417.33,4386
2026-01-01 09:51:49,MSFT,Buy,417.38,392
2026-01-01 09:51:50,GOOGL,Sell,173.11,374
2026-01-01 09:51:51,MSFT,Buy,417.53,230
2026-01-01 09:51:52,AAPL,Sell,187.6,975
2026-01-01 09:51:53,AAPL,Buy,187.77,3995
2026-01-01 09:51:54,GOOGL,Buy,172.95,3130
2026-01-01 09:51:55,MSFT,Sell,417.59,1516
2026-01-01 09:51:56,GOOGL,Buy,172.68,3340
2026-01-01 09:51:57,GOOGL,Buy,172.42,2371
2026-01-01 09:51:58,MSFT,Sell,417.76,968
2026-01-01 09:51:59,TSLA,Sell,252.35,3008
2026-01-01 09:52:00,AAPL,Buy,187.55,1518
2026-01-01 09:52:01,AAPL,Sell,187.41,36689
2026-01-01 09:52:02,MSFT,Sell,417.54,2417
2026-01-01 09:52:03,MSFT,Buy,417.55,1877
2026-01-01 09:52:04,AAPL,Sell,187.36,3264
2026-01-01 09:52:05,MSFT,Sell,417.34,46974
2026-01-01 09:52:06,MSFT,Buy,417.68,2086
2026-01-01 09:52:07,AAPL,Sell,187.27,4926
2026-01-01 09:52:08,MSFT,Sell,417.79,3836
2026-01-01 09:52:09,TSLA,Sell,252.32,2702
2026-01-01 09:52:10,MSFT,Sell,418.01,3633
2026-01-01 09:52:11,GOOGL,Buy,172.39,1968
2026-01-01 09:52:12,TSLA,Buy,252.29,3738
2026-01-01 09:52:13,GOOGL,Buy,172.43,2665
2026-01-01 09:52:14,GOOGL,Buy,172.58,4496
2026-01-01 09:52:15,GOOGL,Buy,172.61,182
2026-01-01 09:52:16,AAPL,Sell,186.99,4130
2026-01-01 09:52:17,GOOGL,Sell,172.63,1822
2026-01-01 09:52:18,TSLA,Sell,252.24,1608
2026-01-01 09:52:19,AAPL,Buy,186.94,3804
2026-01-01 09:52:20,AAPL,Buy,186.98,1948
2026-01-01 09:52:21,MSFT,Sell,418.13,1063
2026-01-01 09:52:22,TSLA,Sell,252.04,1552
2026-01-01 09:52:23,MSFT,Buy,418.07,806
2026-01-01 09:52:24,TSLA,Sell,252.27,4279
2026-01-01 09:52:25,AAPL,Sell,187.0,3258
2026-01-01 09:52:26,TSLA,Sell,252.11,523
2026-01-01 09:52:27,GOOGL,Buy,172.71,3773
2026-01-01 09:52:28,GOOGL,Buy,172.95,338
2026-01-01 09:52:29,TSLA,Sell,252.21,1741
2026-01-01 09:52:30,AAPL,Buy,186.9,923
2026-01-01 09:52:31,GOOGL,Sell,172.93,3872
2026-01-01 09:52:32,TSLA,Buy,252.15,2221
2026-01-01 09:52:33,TSLA,Sell,252.25,1897
2026-01-01 09:52:34,AAPL,Sell,187.09,1140
2026-01-01 09:52:35,TSLA,Buy,252.04,2028
2026-01-01 09:52:36,AAPL,Sell,187.25,900
2026-01-01 09:52:37,TSLA,Sell,252.17,4016
2026-01-01 09:52:38,GOOGL,Sell,172.95,3614
2026-01-01 09:52:39,MSFT,Sell,417.79,1701
2026-01-01 09:52:40,MSFT,Sell,417.77,2835
2026-01-01 09:52:41,AAPL,Sell,187.03,1429
2026-01-01 09:52:42,GOOGL,Sell,173.01,3331
2026-01-01 09:52:43,GOOGL,Buy,173.28,699
2026-01-01 09:52:44,GOOGL,Sell,173.25,3418
2026-01-01 09:52:45,GOOGL,Buy,173.51,2677
2026-01-01 09:52:46,MSFT,Buy,417.78,1153
2026-01-01 09:52:47,GOOGL,Sell,173.62,3809
2026-01-01 09:52:48,GOOGL,Buy,173.45,185
2026-01-01 09:52:49,AAPL,Sell,187.05,4153
2026-01-01 09:52:50,GOOGL,Sell,173.2,1447
2026-01-01 09:52:51,MSFT,Buy,417.77,3974
2026-01-01 09:52:52,AAPL,Buy,187.02,3079
2026-01-01 09:52:53,AAPL,Sell,187.19,4392
2026-01-01 09:52:54,AAPL,Sell,186.86,1440
2026-01-01 09:52:55,AAPL,Buy,187.11,2640
2026-01-01 09:52:56,AAPL,Sell,187.04,3144
2026-01-01 09:52:57,AAPL,Buy,187.08,3809
2026-01-01 09:52:58,MSFT,Buy,417.81,4900
2026-01-01 09:52:59,TSLA,Buy,252.37,4785
2026-01-01 09:53:00,GOOGL,Buy,173.14,505
2026-01-01 09:53:01,TSLA,Buy,252.06,4694
2026-01-01 09:53:02,MSFT,Buy,417.77,1164
2026-01-01 09:53:03,AAPL,Sell,187.03,2472
2026-01-01 09:53:04,GOOGL,Sell,173.01,3350
2026-01-01 09:53:05,MSFT,Sell,417.8,114
2026-01-01 09:53:06,GOOGL,Sell,173.07,2852
2026-01-01 09:53:07,AAPL,Buy,187.22,3790
2026-01-01 09:53:08,TSLA,Buy,252.17,577
2026-01-01 09:53:09,MSFT,Sell,417.6,3254
2026-01-01 09:53:10,MSFT,Buy,417.72,2380
2026-01-01 09:53:11,GOOGL,Buy,173.11,3594
2026-01-01 09:53:12,TSLA,Sell,252.27,3778
2026-01-01 09:53:13,GOOGL,Sell,173.16,2266
2026-01-01 09:53:14,AAPL,Buy,187.04,4604
2026-01-01 09:53:15,AAPL,Sell,186.99,1058
2026-01-01 09:53:16,GOOGL,Sell,173.07,4751
2026-01-01 09:53:17,GOOGL,Buy,173.09,399
2026-01-01 09:53:18,TSLA,Buy,252.26,927
2026-01-01 09:53:19,AAPL,Sell,187.05,3308
2026-01-01 09:53:20,AAPL,Sell,187.08,4773
2026-01-01 09:53:21,GOOGL,Buy,173.08,2687
2026-01-01 09:53:22,MSFT,Buy,418.27,1934
2026-01-01 09:53:23,AAPL,Sell,187.23,421
2026-01-01 09:53:24,MSFT,Buy,418.19,2243
2026-01-01 09:53:25,MSFT,Sell,418.13,4565
2026-01-01 09:53:26,MSFT,Sell,418.47,4980
2026-01-01 09:53:27,GOOGL,Sell,173.08,3802
2026-01-01 09:53:28,TSLA,Buy,252.07,49128
2026-01-01 09:53:29,AAPL,Sell,187.33,380
2026-01-01 09:53:30,GOOGL,Buy,173.2,4590
2026-01-01 09:53:31,AAPL,Sell,187.35,849
2026-01-01 09:53:32,GOOGL,Sell,173.58,762
2026-01-01 09:53:33,TSLA,Buy,252.17,384
2026-01-01 09:53:34,MSFT,Buy,418.59,200
2026-01-01 09:53:35,TSLA,Buy,252.47,4827
2026-01-01 09:53:36,AAPL,Buy,187.26,4546
2026-01-01 09:53:37,GOOGL,Buy,173.65,4484
2026-01-01 09:53:38,TSLA,Buy,252.64,3080
2026-01-01 09:53:39,GOOGL,Buy,173.79,12147
2026-01-01 09:53:40,MSFT,Sell,418.52,118
2026-01-01 09:53:41,GOOGL,Buy,174.05,518
2026-01-01 09:53:42,MSFT,Buy,418.41,574
2026-01-01 09:53:43,GOOGL,Sell,174.07,4038
2026-01-01 09:53:44,MSFT,Buy,418.29,2433
2026-01-01 09:53:45,GOOGL,Buy,174.16,4553
2026-01-01 09:53:46,TSLA,Sell,252.62,2982
2026-01-01 09:53:47,TSLA,Sell,252.78,129
2026-01-01 09:53:48,GOOGL,Buy,174.18,3168
2026-01-01 09:53:49,AAPL,Buy,187.31,2364
2026-01-01 09:53:50,TSLA,Sell,252.87,1138
2026-01-01 09:53:51,GOOGL,Sell,174.26,425
2026-01-01 09:53:52,TSLA,Buy,252.64,2074
2026-01-01 09:53:53,GOOGL,Buy,174.32,4536
2026-01-01 09:53:54,GOOGL,Sell,174.3,2046
2026-01-01 09:53:55,MSFT,Sell,418.19,699
2026-01-01 09:53:56,TSLA,Sell,252.59,1782
2026-01-01 09:53:57,MSFT,Buy,418.08,4307
2026-01-01 09:53:58,AAPL,Buy,187.28,2649
2026-01-01 09:53:59,MSFT,Buy,418.09,4031
2026-01-01 09:54:00,AAPL,Sell,187.32,2498
2026-01-01 09:54:01,MSFT,Buy,418.13,3524
2026-01-01 09:54:02,AAPL,Sell,187.54,4096
2026-01-01 09:54:03,GOOGL,Sell,174.34,196
2026-01-01 09:54:04,AAPL,Buy,187.66,1522
2026-01-01 09:54:05,GOOGL,Sell,174.41,483
2026-01-01 09:54:06,GOOGL,Buy,174.61,2650
2026-01-01 09:54:07,TSLA,Buy,252.49,3940
2026-01-01 09:54:08,MSFT,Buy,418.13,3244
2026-01-01 09:54:09,MSFT,Buy,418.27,1851
2026-01-01 09:54:10,GOOGL,Sell,174.55,3370
2026-01-01 09:54:11,GOOGL,Sell,174.74,1069
2026-01-01 09:54:12,GOOGL,Sell,174.83,2415
2026-01-01 09:54:13,GOOGL,Sell,174.81,40909
2026-01-01 09:54:14,GOOGL,Sell,174.97,3474
2026-01-01 09:54:15,TSLA,Buy,252.6,3008
2026-01-01 09:54:16,TSLA,Sell,252.5,2339
2026-01-01 09:54:17,MSFT,Buy,418.16,4942
2026-01-01 09:54:18,GOOGL,Sell,175.06,1418
2026-01-01 09:54:19,MSFT,Buy,418.1,2616
2026-01-01 09:54:20,MSFT,Sell,418.28,3470
2026-01-01 09:54:21,MSFT,Buy,418.12,25158
2026-01-01 09:54:22,AAPL,Buy,187.61,3947
2026-01-01 09:54:23,MSFT,Buy,417.99,1257
2026-01-01 09:54:24,TSLA,Buy,252.54,2481
2026-01-01 09:54:25,GOOGL,Buy,175.07,2503
2026-01-01 09:54:26,AAPL,Sell,187.66,2185
2026-01-01 09:54:27,GOOGL,Buy,175.01,3448
2026-01-01 09:54:28,MSFT,Buy,417.93,2814
2026-01-01 09:54:29,AAPL,Sell,187.62,3050
2026-01-01 09:54:30,TSLA,Sell,252.46,600
2026-01-01 09:54:31,AAPL,Buy,187.74,4827
2026-01-01 09:54:32,MSFT,Buy,418.05,1636
2026-01-01 09:54:33,TSLA,Sell,252.35,3735
2026-01-01 09:54:34,MSFT,Sell,418.07,3819
2026-01-01 09:54:35,MSFT,Sell,418.1,3493
2026-01-01 09:54:36,MSFT,Sell,418.15,1501
2026-01-01 09:54:37,GOOGL,Buy,174.85,834
2026-01-01 09:54:38,TSLA,Sell,252.37,2451
2026-01-01 09:54:39,TSLA,Sell,252.31,3287
2026-01-01 09:54:40,MSFT,Buy,418.3,1460
2026-01-01 09:54:41,TSLA,Sell,252.1,4863
2026-01-01 09:54:42,TSLA,Sell,252.1,2525
2026-01-01 09:54:43,TSLA,Sell,252.13,2425
2026-01-01 09:54:44,GOOGL,Sell,174.85,907
2026-01-01 09:54:45,MSFT,Sell,418.06,3209
2026-01-01 09:54:46,MSFT,Buy,418.14,2651
2026-01-01 09:54:47,MSFT,Buy,418.13,1191
2026-01-01 09:54:48,TSLA,Sell,251.88,15743
2026-01-01 09:54:49,AAPL,Buy,187.65,4204
2026-01-01 09:54:50,GOOGL,Sell,174.93,4899
2026-01-01 09:54:51,TSLA,Sell,251.9,231
2026-01-01 09:54:52,GOOGL,Buy,174.96,573
2026-01-01 09:54:53,TSLA,Sell,252.04,665
2026-01-01 09:54:54,AAPL,Sell,187.58,4489
2026-01-01 09:54:55,GOOGL,Buy,174.86,2510
2026-01-01 09:54:56,GOOGL,Buy,174.85,1699
2026-01-01 09:54:57,MSFT,Sell,417.97,1696
2026-01-01 09:54:58,AAPL,Buy,187.37,40567
2026-01-01 09:54:59,GOOGL,Buy,175.04,1253
2026-01-01 09:55:00,TSLA,Buy,252.27,1978
2026-01-01 09:55:01,MSFT,Sell,417.92,4323
2026-01-01 09:55:02,MSFT,Sell,417.88,3416
2026-01-01 09:55:03,TSLA,Sell,252.38,3863
2026-01-01 09:55:04,MSFT,Sell,417.89,2286
2026-01-01 09:55:05,TSLA,Sell,252.26,1482
2026-01-01 09:55:06,AAPL,Buy,187.49,2065
2026-01-01 09:55:07,AAPL,Sell,187.48,3841
2026-01-01 09:55:08,MSFT,Sell,417.8,4614
2026-01-01 09:55:09,AAPL,Buy,187.6,24050
2026-01-01 09:55:10,AAPL,Sell,187.52,1146
2026-01-01 09:55:11,GOOGL,Sell,175.21,2248
2026-01-01 09:55:12,AAPL,Sell,187.64,4757
2026-01-01 09:55:13,AAPL,Sell,187.59,1505
2026-01-01 09:55:14,TSLA,Buy,252.11,3005
2026-01-01 09:55:15,AAPL,Sell,187.28,2871
2026-01-01 09:55:16,MSFT,Sell,417.89,4920
2026-01-01 09:55:17,TSLA,Sell,251.95,36761
2026-01-01 09:55:18,GOOGL,Sell,175.06,259
2026-01-01 09:55:19,GOOGL,Buy,175.14,3236
2026-01-01 09:55:20,AAPL,Sell,187.27,4592
2026-01-01 09:55:21,GOOGL,Buy,175.0,4109
2026-01-01 09:55:22,TSLA,Sell,251.77,3686
2026-01-01 09:55:23,TSLA,Buy,251.75,4725
2026-01-01 09:55:24,MSFT,Buy,418.15,590
2026-01-01 09:55:25,MSFT,Sell,417.89,263
2026-01-01 09:55:26,TSLA,Buy,251.69,2196
2026-01-01 09:55:27,TSLA,Sell,252.03,1741
2026-01-01 09:55:28,GOOGL,Buy,175.07,2929
2026-01-01 09:55:29,GOOGL,Buy,175.24,1209
2026-01-01 09:55:30,GOOGL,Buy,175.48,880
2026-01-01 09:55:31,MSFT,Sell,417.9,2604
2026-01-01 09:55:32,TSLA,Sell,251.92,3452
2026-01-01 09:55:33,GOOGL,Sell,175.46,2662
2026-01-01 09:55:34,GOOGL,Buy,175.56,1560
2026-01-01 09:55:35,AAPL,Buy,187.37,1772
2026-01-01 09:55:36,GOOGL,Buy,175.47,4310
2026-01-01 09:55:37,TSLA,Buy,251.87,3876
2026-01-01 09:55:38,AAPL,Sell,187.56,3519
2026-01-01 09:55:39,TSLA,Sell,251.73,1649
2026-01-01 09:55:40,MSFT,Sell,417.77,4983
2026-01-01 09:55:41,AAPL,Buy,187.87,3532
2026-01-01 09:55:42,MSFT,Sell,417.5,1890
2026-01-01 09:55:43,GOOGL,Sell,175.8,956
2026-01-01 09:55:44,MSFT,Sell,417.38,2064
2026-01-01 09:55:45,MSFT,Sell,417.39,2632
2026-01-01 09:55:46,AAPL,Sell,187.66,2383
2026-01-01 09:55:47,GOOGL,Sell,175.9,4543
2026-01-01 09:55:48,GOOGL,Sell,176.06,2337
2026-01-01 09:55:49,MSFT,Sell,417.46,999
2026-01-01 09:55:50,GOOGL,Sell,175.97,1882
2026-01-01 09:55:51,GOOGL,Sell,175.92,38396
2026-01-01 09:55:52,GOOGL,Sell,175.84,3470
2026-01-01 09:55:53,GOOGL,Sell,175.65,1365
2026-01-01 09:55:54,MSFT,Buy,417.42,4989
2026-01-01 09:55:55,AAPL,Buy,187.53,2889
2026-01-01 09:55:56,GOOGL,Sell,175.48,3125
2026-01-01 09:55:57,GOOGL,Sell,175.65,1477
2026-01-01 09:55:58,MSFT,Sell,417.56,2228
2026-01-01 09:55:59,TSLA,Buy,251.7,3654
2026-01-01 09:56:00,MSFT,Buy,417.78,2008
2026-01-01 09:56:01,GOOGL,Sell,175.56,1691
2026-01-01 09:56:02,AAPL,Buy,187.4,525
2026-01-01 09:56:03,AAPL,Buy,187.37,33507
2026-01-01 09:56:04,MSFT,Buy,417.97,2689
2026-01-01 09:56:05,MSFT,Buy,418.29,696
2026-01-01 09:56:06,GOOGL,Buy,175.59,3662
2026-01-01 09:56:07,TSLA,Buy,251.72,3220
2026-01-01 09:56:08,AAPL,Buy,187.52,480
2026-01-01 09:56:09,GOOGL,Buy,175.25,787
2026-01-01 09:56:10,TSLA,Buy,251.71,331
2026-01-01 09:56:11,AAPL,Sell,187.72,2867
2026-01-01 09:56:12,GOOGL,Sell,175.31,569
2026-01-01 09:56:13,AAPL,Sell,187.75,126
2026-01-01 09:56:14,TSLA,Sell,251.71,769
2026-01-01 09:56:15,MSFT,Buy,418.03,18074
2026-01-01 09:56:16,GOOGL,Buy,175.72,4511
2026-01-01 09:56:17,TSLA,Buy,251.67,593
2026-01-01 09:56:18,AAPL,Sell,187.84,1927
2026-01-01 09:56:19,AAPL,Buy,187.95,4968
2026-01-01 09:56:20,AAPL,Sell,187.8,2987
2026-01-01 09:56:21,TSLA,Sell,251.7,3920
2026-01-01 09:56:22,TSLA,Sell,251.71,1820
2026-01-01 09:56:23,MSFT,Sell,417.84,2984
2026-01-01 09:56:24,AAPL,Sell,187.68,2406
2026-01-01 09:56:25,AAPL,Buy,187.6,4047
2026-01-01 09:56:26,AAPL,Buy,187.5,3252
2026-01-01 09:56:27,GOOGL,Sell,175.46,967
2026-01-01 09:56:28,GOOGL,Sell,175.45,823
2026-01-01 09:56:29,MSFT,Sell,417.68,2213
2026-01-01 09:56:30,TSLA,Buy,251.79,4348
2026-01-01 09:56:31,TSLA,Buy,251.74,2288
2026-01-01 09:56:32,GOOGL,Sell,175.42,3182
2026-01-01 09:56:33,TSLA,Sell,251.78,4616
2026-01-01 09:56:34,GOOGL,Buy,175.26,208
2026-01-01 09:56:35,MSFT,Buy,417.83,3118
2026-01-01 09:56:36,TSLA,Sell,251.77,587
2026-01-01 09:56:37,GOOGL,Sell,175.16,4815
2026-01-01 09:56:38,TSLA,Buy,251.94,2482
2026-01-01 09:56:39,GOOGL,Sell,174.89,1278
2026-01-01 09:56:40,AAPL,Buy,187.51,3191
2026-01-01 09:56:41,GOOGL,Sell,174.97,3054
2026-01-01 09:56:42,TSLA,Buy,251.72,466
2026-01-01 09:56:43,GOOGL,Buy,175.08,2141
2026-01-01 09:56:44,TSLA,Sell,251.6,2009
2026-01-01 09:56:45,AAPL,Buy,187.48,24763
2026-01-01 09:56:46,GOOGL,Buy,175.01,4489
2026-01-01 09:56:47,GOOGL,Sell,174.93,4925
2026-01-01 09:56:48,GOOGL,Sell,174.7,2255
2026-01-01 09:56:49,GOOGL,Buy,174.65,2921
2026-01-01 09:56:50,TSLA,Sell,251.93,251
2026-01-01 09:56:51,AAPL,Buy,187.42,4750
2026-01-01 09:56:52,GOOGL,Buy,174.65,2879
2026-01-01 09:56:53,GOOGL,Buy,174.52,450
2026-01-01 09:56:54,MSFT,Sell,417.96,4370
2026-01-01 09:56:55,AAPL,Buy,187.31,22142
2026-01-01 09:56:56,MSFT,Sell,418.13,4984
2026-01-01 09:56:57,AAPL,Sell,187.38,4605
2026-01-01 09:56:58,GOOGL,Sell,174.45,4710
2026-01-01 09:56:59,AAPL,Buy,187.29,3897
2026-01-01 09:57:00,GOOGL,Sell,174.25,861
2026-01-01 09:57:01,MSFT,Sell,418.17,3745
2026-01-01 09:57:02,GOOGL,Buy,174.23,2477
2026-01-01 09:57:03,MSFT,Buy,418.54,34474
2026-01-01 09:57:04,TSLA,Sell,252.0,2701
2026-01-01 09:57:05,AAPL,Sell,187.68,4512
2026-01-01 09:57:06,GOOGL,Sell,174.15,883
2026-01-01 09:57:07,MSFT,Buy,418.51,4785
2026-01-01 09:57:08,AAPL,Buy,187.69,3831
2026-01-01 09:57:09,MSFT,Buy,418.48,3009
2026-01-01 09:57:10,TSLA,Sell,251.69,3225
2026-01-01 09:57:11,TSLA,Buy,251.9,3406
2026-01-01 09:57:12,TSLA,Sell,251.84,1565
2026-01-01 09:57:13,MSFT,Sell,418.52,4746
2026-01-01 09:57:14,GOOGL,Buy,174.14,1134
2026-01-01 09:57:15,TSLA,Sell,251.84,777
2026-01-01 09:57:16,GOOGL,Sell,174.48,1668
2026-01-01 09:57:17,GOOGL,Buy,174.39,2215
2026-01-01 09:57:18,MSFT,Sell,418.84,3659
2026-01-01 09:57:19,MSFT,Sell,418.72,4443
2026-01-01 09:57:20,MSFT,Buy,418.77,893
2026-01-01 09:57:21,GOOGL,Buy,174.23,4891
2026-01-01 09:57:22,TSLA,Sell,251.58,4999
2026-01-01 09:57:23,AAPL,Buy,187.61,580
2026-01-01 09:57:24,GOOGL,Buy,174.24,3716
2026-01-01 09:57:25,TSLA,Buy,251.49,2158
2026-01-01 09:57:26,MSFT,Buy,418.81,3435
2026-01-01 09:57:27,AAPL,Buy,187.53,472
2026-01-01 09:57:28,TSLA,Buy,251.15,248
2026-01-01 09:57:29,MSFT,Sell,418.84,2520
2026-01-01 09:57:30,GOOGL,Buy,174.3,3682
2026-01-01 09:57:31,AAPL,Buy,187.59,3421
2026-01-01 09:57:32,GOOGL,Sell,174.29,990
2026-01-01 09:57:33,TSLA,Sell,251.38,4678
2026-01-01 09:57:34,MSFT,Sell,418.73,179
2026-01-01 09:57:35,MSFT,Sell,418.77,4102
2026-01-01 09:57:36,GOOGL,Sell,174.26,4962
2026-01-01 09:57:37,AAPL,Buy,187.61,2711
2026-01-01 09:57:38,MSFT,Buy,418.89,3546
2026-01-01 09:57:39,GOOGL,Sell,174.36,4501
2026-01-01 09:57:40,MSFT,Sell,418.79,2975
2026-01-01 09:57:41,TSLA,Sell,251.51,443
2026-01-01 09:57:42,GOOGL,Sell,174.25,2922
2026-01-01 09:57:43,MSFT,Sell,418.77,3470
2026-01-01 09:57:44,MSFT,Buy,418.63,3628
2026-01-01 09:57:45,TSLA,Sell,251.77,3658
2026-01-01 09:57:46,GOOGL,Buy,174.36,47512
2026-01-01 09:57:47,AAPL,Buy,187.42,755
2026-01-01 09:57:48,MSFT,Sell,418.6,4642
2026-01-01 09:57:49,AAPL,Buy,187.69,501
2026-01-01 09:57:50,GOOGL,Buy,174.48,27613
2026-01-01 09:57:51,TSLA,Sell,251.61,679
2026-01-01 09:57:52,MSFT,Sell,418.66,3615
2026-01-01 09:57:53,TSLA,Buy,251.74,3094
2026-01-01 09:57:54,GOOGL,Sell,174.72,1694
2026-01-01 09:57:55,GOOGL,Sell,174.81,729
2026-01-01 09:57:56,MSFT,Buy,418.84,3321
2026-01-01 09:57:57,TSLA,Sell,251.91,1451
2026-01-01 09:57:58,AAPL,Buy,187.64,166
2026-01-01 09:57:59,TSLA,Buy,251.8,33668
2026-01-01 09:58:00,TSLA,Sell,251.67,3100
2026-01-01 09:58:01,AAPL,Sell,187.58,273
2026-01-01 09:58:02,AAPL,Sell,187.38,936
2026-01-01 09:58:03,AAPL,Buy,187.32,1845
2026-01-01 09:58:04,TSLA,Buy,251.7,2263
2026-01-01 09:58:05,GOOGL,Sell,174.77,3978
2026-01-01 09:58:06,TSLA,Buy,251.6,969
2026-01-01 09:58:07,GOOGL,Buy,174.74,3702
2026-01-01 09:58:08,GOOGL,Sell,174.83,332
2026-01-01 09:58:09,GOOGL,Buy,174.95,3851
2026-01-01 09:58:10,GOOGL,Sell,174.89,4003
2026-01-01 09:58:11,AAPL,Buy,187.28,1508
2026-01-01 09:58:12,MSFT,Buy,418.73,672
2026-01-01 09:58:13,TSLA,Sell,251.66,972
2026-01-01 09:58:14,MSFT,Buy,418.59,3556
2026-01-01 09:58:15,GOOGL,Buy,175.07,3423
2026-01-01 09:58:16,AAPL,Sell,187.16,303
2026-01-01 09:58:17,AAPL,Sell,187.13,3698
2026-01-01 09:58:18,GOOGL,Sell,175.01,3679
2026-01-01 09:58:19,GOOGL,Sell,175.0,608
2026-01-01 09:58:20,TSLA,Sell,251.62,3945
2026-01-01 09:58:21,GOOGL,Sell,175.01,2079
2026-01-01 09:58:22,GOOGL,Sell,175.12,709
2026-01-01 09:58:23,AAPL,Buy,187.06,732
2026-01-01 09:58:24,TSLA,Sell,251.46,1590
2026-01-01 09:58:25,MSFT,Sell,418.6,1123
2026-01-01 09:58:26,AAPL,Sell,186.95,3793
2026-01-01 09:58:27,TSLA,Buy,251.44,1366
2026-01-01 09:58:28,TSLA,Buy,251.47,303
2026-01-01 09:58:29,MSFT,Sell,418.7,4604
2026-01-01 09:58:30,AAPL,Sell,186.7,2286
2026-01-01 09:58:31,GOOGL,Sell,175.32,2761
2026-01-01 09:58:32,AAPL,Sell,186.56,3736
2026-01-01 09:58:33,MSFT,Buy,418.54,258
2026-01-01 09:58:34,GOOGL,Buy,175.56,815
2026-01-01 09:58:35,TSLA,Sell,251.31,4896
2026-01-01 09:58:36,TSLA,Sell,251.21,2313
2026-01-01 09:58:37,MSFT,Buy,418.71,2304
2026-01-01 09:58:38,TSLA,Sell,251.03,4574
2026-01-01 09:58:39,GOOGL,Sell,175.66,4235
2026-01-01 09:58:40,TSLA,Sell,250.85,4038
2026-01-01 09:58:41,AAPL,Sell,186.29,4545
2026-01-01 09:58:42,TSLA,Sell,250.65,2097
2026-01-01 09:58:43,AAPL,Sell,186.34,17495
2026-01-01 09:58:44,AAPL,Buy,186.26,307
2026-01-01 09:58:45,TSLA,Sell,250.64,3522
2026-01-01 09:58:46,MSFT,Sell,418.79,729
2026-01-01 09:58:47,AAPL,Buy,186.34,1004
2026-01-01 09:58:48,TSLA,Sell,250.7,4646
2026-01-01 09:58:49,GOOGL,Buy,175.68,3393
2026-01-01 09:58:50,MSFT,Buy,418.73,175
2026-01-01 09:58:51,GOOGL,Buy,175.54,2285
2026-01-01 09:58:52,TSLA,Sell,250.74,253
2026-01-01 09:58:53,AAPL,Sell,186.25,2292
2026-01-01 09:58:54,AAPL,Sell,186.19,3449
2026-01-01 09:58:55,MSFT,Sell,418.76,1299
2026-01-01 09:58:56,AAPL,Sell,186.11,3691
2026-01-01 09:58:57,TSLA,Sell,250.82,2624
2026-01-01 09:58:58,GOOGL,Buy,175.56,4198
2026-01-01 09:58:59,TSLA,Sell,250.61,295
2026-01-01 09:59:00,GOOGL,Buy,175.69,4571
2026-01-01 09:59:01,GOOGL,Sell,175.7,4458
2026-01-01 09:59:02,GOOGL,Sell,175.94,2869
2026-01-01 09:59:03,TSLA,Sell,250.59,2784
2026-01-01 09:59:04,GOOGL,Buy,176.11,2471
2026-01-01 09:59:05,TSLA,Sell,250.49,1520
2026-01-01 09:59:06,GOOGL,Buy,176.01,843
2026-01-01 09:59:07,TSLA,Buy,250.44,920
2026-01-01 09:59:08,GOOGL,Buy,176.22,4081
2026-01-01 09:59:09,GOOGL,Buy,176.12,1094
2026-01-01 09:59:10,TSLA,Buy,250.42,175
2026-01-01 09:59:11,MSFT,Buy,418.6,2651
2026-01-01 09:59:12,GOOGL,Sell,176.16,2531
2026-01-01 09:59:13,MSFT,Buy,418.62,151
2026-01-01 09:59:14,GOOGL,Buy,176.04,2190
2026-01-01 09:59:15,MSFT,Buy,418.7,42470
2026-01-01 09:59:16,GOOGL,Sell,176.22,4404
2026-01-01 09:59:17,TSLA,Buy,250.29,1995
2026-01-01 09:59:18,TSLA,Sell,250.26,1985
2026-01-01 09:59:19,AAPL,Buy,186.09,4365
2026-01-01 09:59:20,MSFT,Buy,418.67,3672
2026-01-01 09:59:21,MSFT,Buy,418.66,1599
2026-01-01 09:59:22,AAPL,Buy,185.95,2524
2026-01-01 09:59:23,GOOGL,Sell,176.31,4148
2026-01-01 09:59:24,GOOGL,Buy,176.51,3585
2026-01-01 09:59:25,GOOGL,Buy,176.65,3321
2026-01-01 09:59:26,GOOGL,Buy,176.64,4630
2026-01-01 09:59:27,TSLA,Buy,250.33,643
2026-01-01 09:59:28,GOOGL,Sell,176.77,4341
2026-01-01 09:59:29,GOOGL,Buy,176.74,1048
2026-01-01 09:59:30,TSLA,Sell,250.22,667
2026-01-01 09:59:31,GOOGL,Sell,176.97,1595
2026-01-01 09:59:32,AAPL,Buy,186.06,1233
2026-01-01 09:59:33,TSLA,Buy,250.1,4058
2026-01-01 09:59:34,GOOGL,Buy,176.94,39266
2026-01-01 09:59:35,AAPL,Sell,185.96,2407
2026-01-01 09:59:36,GOOGL,Buy,176.84,1902
2026-01-01 09:59:37,AAPL,Sell,185.74,3466
2026-01-01 09:59:38,MSFT,Buy,418.69,171
2026-01-01 09:59:39,TSLA,Sell,250.0,3387
2026-01-01 09:59:40,AAPL,Buy,185.57,318
2026-01-01 09:59:41,GOOGL,Buy,176.54,4733
2026-01-01 09:59:42,GOOGL,Buy,176.21,2736
2026-01-01 09:59:43,AAPL,Buy,185.49,4487
2026-01-01 09:59:44,GOOGL,Buy,176.32,4660
2026-01-01 09:59:45,AAPL,Sell,185.52,4722
2026-01-01 09:59:46,TSLA,Sell,249.97,1817
2026-01-01 09:59:47,AAPL,Sell,185.51,4519
2026-01-01 09:59:48,MSFT,Buy,418.78,2387
2026-01-01 09:59:49,GOOGL,Sell,176.19,1983
2026-01-01 09:59:50,AAPL,Sell,185.42,4259
2026-01-01 09:59:51,MSFT,Buy,418.86,3789
2026-01-01 09:59:52,TSLA,Buy,250.05,4302
2026-01-01 09:59:53,MSFT,Sell,419.07,2519
2026-01-01 09:59:54,TSLA,Sell,249.74,3664
2026-01-01 09:59:55,GOOGL,Buy,176.18,1949
2026-01-01 09:59:56,TSLA,Sell,249.8,1407
2026-01-01 09:59:57,TSLA,Sell,249.83,30037
2026-01-01 09:59:58,MSFT,Sell,419.1,1770
2026-01-01 09:59:59,AAPL,Sell,185.15,1532
2026-01-01 10:00:00,TSLA,Buy,249.93,42131
2026-01-01 10:00:01,TSLA,Buy,249.82,4982
2026-01-01 10:00:02,AAPL,Sell,185.16,2865
2026-01-01 10:00:03,TSLA,Buy,249.95,4453
2026-01-01 10:00:04,TSLA,Sell,249.81,3132
2026-01-01 10:00:05,TSLA,Buy,249.92,792
2026-01-01 10:00:06,MSFT,Sell,419.03,3438
2026-01-01 10:00:07,GOOGL,Buy,176.03,4507
2026-01-01 10:00:08,AAPL,Sell,185.13,946
2026-01-01 10:00:09,GOOGL,Buy,176.02,1382
2026-01-01 10:00:10,AAPL,Sell,185.15,4021
2026-01-01 10:00:11,GOOGL,Buy,176.08,1044
2026-01-01 10:00:12,TSLA,Sell,250.14,567
2026-01-01 10:00:13,TSLA,Sell,250.1,1510
2026-01-01 10:00:14,TSLA,Buy,249.93,1701
2026-01-01 10:00:15,MSFT,Sell,419.01,1576
2026-01-01 10:00:16,AAPL,Buy,185.22,460
2026-01-01 10:00:17,MSFT,Sell,419.05,3784
2026-01-01 10:00:18,AAPL,Buy,185.59,1378
2026-01-01 10:00:19,AAPL,Sell,185.64,1216
2026-01-01 10:00:20,TSLA,Buy,249.75,4973
2026-01-01 10:00:21,GOOGL,Buy,175.98,1174
2026-01-01 10:00:22,MSFT,Sell,419.04,4828
2026-01-01 10:00:23,MSFT,Sell,419.11,1686
2026-01-01 10:00:24,MSFT,Buy,419.17,3835
2026-01-01 10:00:25,MSFT,Sell,419.21,2863
2026-01-01 10:00:26,TSLA,Sell,249.84,615
2026-01-01 10:00:27,TSLA,Buy,249.79,830
2026-01-01 10:00:28,AAPL,Buy,185.76,2840
2026-01-01 10:00:29,AAPL,Buy,185.65,2508
2026-01-01 10:00:30,GOOGL,Buy,175.93,3287
2026-01-01 10:00:31,AAPL,Sell,185.46,2062
2026-01-01 10:00:32,AAPL,Sell,185.35,10964
2026-01-01 10:00:33,MSFT,Sell,419.13,3704
2026-01-01 10:00:34,GOOGL,Sell,176.09,2447
2026-01-01 10:00:35,GOOGL,Buy,176.09,1839
2026-01-01 10:00:36,GOOGL,Buy,175.82,3148
2026-01-01 10:00:37,TSLA,Buy,249.7,2291
2026-01-01 10:00:38,MSFT,Sell,419.35,3188
2026-01-01 10:00:39,MSFT,Buy,419.16,2804
2026-01-01 10:00:40,TSLA,Sell,249.77,1397
2026-01-01 10:00:41,GOOGL,Sell,175.67,439
2026-01-01 10:00:42,MSFT,Sell,419.14,3338
2026-01-01 10:00:43,MSFT,Buy,419.24,1292
2026-01-01 10:00:44,MSFT,Buy,419.45,1063
2026-01-01 10:00:45,MSFT,Buy,419.48,2915
2026-01-01 10:00:46,AAPL,Buy,185.3,1017
2026-01-01 10:00:47,GOOGL,Buy,175.68,2043
2026-01-01 10:00:48,TSLA,Sell,249.49,2874
2026-01-01 10:00:49,TSLA,Buy,249.49,3133
2026-01-01 10:00:50,GOOGL,Buy,175.51,803
2026-01-01 10:00:51,TSLA,Sell,249.37,2597
2026-01-01 10:00:52,MSFT,Sell,419.62,4684
2026-01-01 10:00:53,AAPL,Sell,185.4,497
2026-01-01 10:00:54,MSFT,Sell,419.74,10717
2026-01-01 10:00:55,TSLA,Buy,249.29,2556
2026-01-01 10:00:56,GOOGL,Buy,175.82,1222
2026-01-01 10:00:57,TSLA,Sell,249.39,44008
2026-01-01 10:00:58,AAPL,Buy,185.55,2197
2026-01-01 10:00:59,AAPL,Sell,185.56,4179
2026-01-01 10:01:00,MSFT,Sell,419.68,2382
2026-01-01 10:01:01,MSFT,Buy,419.62,3503
2026-01-01 10:01:02,MSFT,Sell,419.82,3690
2026-01-01 10:01:03,TSLA,Sell,249.21,3645
2026-01-01 10:01:04,GOOGL,Sell,175.9,3149
2026-01-01 10:01:05,AAPL,Sell,185.82,4850
2026-01-01 10:01:06,AAPL,Buy,186.04,833
2026-01-01 10:01:07,GOOGL,Buy,175.98,2210
2026-01-01 10:01:08,MSFT,Sell,419.84,1818
2026-01-01 10:01:09,AAPL,Sell,186.19,4512
2026-01-01 10:01:10,GOOGL,Buy,175.96,3637
2026-01-01 10:01:11,GOOGL,Buy,175.91,1969
2026-01-01 10:01:12,GOOGL,Sell,176.03,2494
2026-01-01 10:01:13,AAPL,Sell,185.97,2520
2026-01-01 10:01:14,TSLA,Sell,249.1,1764
2026-01-01 10:01:15,MSFT,Buy,420.18,3754
2026-01-01 10:01:16,AAPL,Buy,185.94,384
2026-01-01 10:01:17,GOOGL,Buy,176.38,2234
2026-01-01 10:01:18,TSLA,Sell,249.29,1207
2026-01-01 10:01:19,GOOGL,Buy,176.55,1762
2026-01-01 10:01:20,MSFT,Sell,420.22,4793
2026-01-01 10:01:21,MSFT,Buy,420.05,2058
2026-01-01 10:01:22,GOOGL,Buy,176.57,2179
2026-01-01 10:01:23,AAPL,Sell,186.01,2484
2026-01-01 10:01:24,AAPL,Sell,186.02,3018
2026-01-01 10:01:25,AAPL,Buy,185.77,1675
2026-01-01 10:01:26,GOOGL,Buy,176.69,2384
2026-01-01 10:01:27,MSFT,Buy,420.27,2830
2026-01-01 10:01:28,GOOGL,Buy,176.51,14723
2026-01-01 10:01:29,AAPL,Sell,185.83,2487
2026-01-01 10:01:30,GOOGL,Sell,176.42,3483
2026-01-01 10:01:31,AAPL,Buy,185.75,1099
2026-01-01 10:01:32,AAPL,Buy,185.75,192
2026-01-01 10:01:33,GOOGL,Sell,176.26,1924
2026-01-01 10:01:34,GOOGL,Buy,176.31,4715
2026-01-01 10:01:35,GOOGL,Sell,176.5,1086
2026-01-01 10:01:36,TSLA,Sell,249.52,788
2026-01-01 10:01:37,TSLA,Sell,249.28,4863
2026-01-01 10:01:38,GOOGL,Buy,176.34,3272
2026-01-01 10:01:39,TSLA,Buy,249.31,4967
2026-01-01 10:01:40,GOOGL,Sell,176.26,310
2026-01-01 10:01:41,GOOGL,Buy,176.47,4172
2026-01-01 10:01:42,MSFT,Sell,420.42,2363
2026-01-01 10:01:43,TSLA,Sell,249.45,3052
2026-01-01 10:01:44,AAPL,Buy,185.75,3724
2026-01-01 10:01:45,MSFT,Sell,420.56,4896
2026-01-01 10:01:46,GOOGL,Buy,176.43,4136
2026-01-01 10:01:47,GOOGL,Sell,176.7,580
2026-01-01 10:01:48,AAPL,Sell,186.0,2470
2026-01-01 10:01:49,TSLA,Sell,249.53,2217
2026-01-01 10:01:50,TSLA,Sell,249.75,2813
2026-01-01 10:01:51,TSLA,Sell,249.78,3209
2026-01-01 10:01:52,AAPL,Buy,186.0,1265
2026-01-01 10:01:53,MSFT,Sell,420.74,1366
2026-01-01 10:01:54,GOOGL,Sell,176.77,3362
2026-01-01 10:01:55,GOOGL,Buy,176.84,2749
2026-01-01 10:01:56,TSLA,Sell,249.82,310
2026-01-01 10:01:57,GOOGL,Sell,176.61,4144
2026-01-01 10:01:58,AAPL,Sell,185.76,4191
2026-01-01 10:01:59,TSLA,Sell,249.8,3397
2026-01-01 10:02:00,AAPL,Sell,185.89,390
2026-01-01 10:02:01,TSLA,Buy,249.88,2208
2026-01-01 10:02:02,MSFT,Sell,420.62,14561
2026-01-01 10:02:03,TSLA,Sell,249.78,3944
2026-01-01 10:02:04,AAPL,Sell,186.06,686
2026-01-01 10:02:05,AAPL,Buy,186.07,533
2026-01-01 10:02:06,GOOGL,Sell,176.68,2492
2026-01-01 10:02:07,AAPL,Sell,185.95,1340
2026-01-01 10:02:08,GOOGL,Sell,176.55,4738
2026-01-01 10:02:09,TSLA,Sell,249.47,158
2026-01-01 10:02:10,MSFT,Sell,420.76,19587
2026-01-01 10:02:11,TSLA,Sell,249.29,1155
2026-01-01 10:02:12,MSFT,Sell,420.8,3309
2026-01-01 10:02:13,AAPL,Sell,185.69,381
2026-01-01 10:02:14,TSLA,Buy,249.6,1855
2026-01-01 10:02:15,GOOGL,Buy,176.54,3303
2026-01-01 10:02:16,TSLA,Sell,249.74,3158
2026-01-01 10:02:17,AAPL,Sell,185.59,3926
2026-01-01 10:02:18,GOOGL,Sell,176.69,2914
2026-01-01 10:02:19,AAPL,Sell,185.64,4462
2026-01-01 10:02:20,MSFT,Buy,420.82,279
2026-01-01 10:02:21,TSLA,Sell,249.98,3853
2026-01-01 10:02:22,GOOGL,Sell,176.8,4472
2026-01-01 10:02:23,GOOGL,Buy,176.75,3523
2026-01-01 10:02:24,AAPL,Sell,185.74,2706
2026-01-01 10:02:25,MSFT,Sell,420.53,4568
2026-01-01 10:02:26,GOOGL,Sell,176.97,4583
2026-01-01 10:02:27,GOOGL,Buy,176.75,1577
2026-01-01 10:02:28,TSLA,Sell,250.06,2883
2026-01-01 10:02:29,AAPL,Sell,185.79,1663
2026-01-01 10:02:30,MSFT,Sell,420.29,732
2026-01-01 10:02:31,TSLA,Buy,249.99,4365
2026-01-01 10:02:32,MSFT,Buy,420.13,766
2026-01-01 10:02:33,TSLA,Buy,249.56,908
2026-01-01 10:02:34,AAPL,Sell,185.91,3531
2026-01-01 10:02:35,GOOGL,Sell,176.9,2564
2026-01-01 10:02:36,TSLA,Buy,249.49,4755
2026-01-01 10:02:37,AAPL,Buy,186.0,4148
2026-01-01 10:02:38,AAPL,Sell,186.18,2667
2026-01-01 10:02:39,TSLA,Buy,249.86,3522
2026-01-01 10:02:40,TSLA,Sell,250.04,1008
2026-01-01 10:02:41,GOOGL,Buy,176.9,3002
2026-01-01 10:02:42,TSLA,Sell,249.94,172
2026-01-01 10:02:43,AAPL,Buy,186.01,4309
2026-01-01 10:02:44,TSLA,Buy,249.94,3024
2026-01-01 10:02:45,GOOGL,Sell,176.97,3224
2026-01-01 10:02:46,AAPL,Sell,186.07,186
2026-01-01 10:02:47,AAPL,Buy,186.42,2489
2026-01-01 10:02:48,AAPL,Sell,186.22,3809
2026-01-01 10:02:49,AAPL,Sell,186.22,2195
2026-01-01 10:02:50,GOOGL,Sell,177.24,3061
2026-01-01 10:02:51,MSFT,Sell,419.95,769
2026-01-01 10:02:52,TSLA,Buy,249.71,2390
2026-01-01 10:02:53,GOOGL,Sell,177.1,2736
2026-01-01 10:02:54,TSLA,Sell,249.71,757
2026-01-01 10:02:55,TSLA,Buy,249.88,2250
2026-01-01 10:02:56,AAPL,Sell,186.41,542
2026-01-01 10:02:57,MSFT,Sell,419.93,3898
2026-01-01 10:02:58,TSLA,Sell,250.03,3670
2026-01-01 10:02:59,AAPL,Sell,186.35,273
2026-01-01 10:03:00,MSFT,Buy,420.09,1633
2026-01-01 10:03:01,TSLA,Buy,250.31,4264
2026-01-01 10:03:02,GOOGL,Buy,177.23,4853
2026-01-01 10:03:03,TSLA,Buy,250.25,883
2026-01-01 10:03:04,MSFT,Sell,419.95,4799
2026-01-01 10:03:05,AAPL,Sell,186.25,823
2026-01-01 10:03:06,GOOGL,Buy,177.2,3867
2026-01-01 10:03:07,AAPL,Buy,186.34,2039
2026-01-01 10:03:08,MSFT,Sell,419.93,4183
2026-01-01 10:03:09,TSLA,Buy,250.47,4328
2026-01-01 10:03:10,MSFT,Sell,419.93,957
2026-01-01 10:03:11,AAPL,Buy,186.47,15985
2026-01-01 10:03:12,TSLA,Buy,250.53,4652
2026-01-01 10:03:13,TSLA,Sell,250.32,4761
2026-01-01 10:03:14,GOOGL,Buy,177.3,4760
2026-01-01 10:03:15,MSFT,Sell,420.06,4465
2026-01-01 10:03:16,MSFT,Sell,419.95,1745
2026-01-01 10:03:17,GOOGL,Buy,177.25,3662
2026-01-01 10:03:18,GOOGL,Sell,177.14,2759
2026-01-01 10:03:19,AAPL,Sell,186.6,2118
2026-01-01 10:03:20,AAPL,Sell,186.86,3943
2026-01-01 10:03:21,AAPL,Buy,186.73,3200
2026-01-01 10:03:22,AAPL,Buy,186.45,49913
2026-01-01 10:03:23,MSFT,Sell,420.04,3761
2026-01-01 10:03:24,MSFT,Sell,419.89,4231
2026-01-01 10:03:25,GOOGL,Sell,177.26,1866
2026-01-01 10:03:26,TSLA,Sell,250.0,20362
2026-01-01 10:03:27,TSLA,Buy,249.83,189
2026-01-01 10:03:28,TSLA,Buy,249.87,2985
2026-01-01 10:03:29,AAPL,Buy,186.54,25874
2026-01-01 10:03:30,MSFT,Buy,419.73,320
2026-01-01 10:03:31,MSFT,Buy,419.93,762
2026-01-01 10:03:32,GOOGL,Sell,177.4,2976
2026-01-01 10:03:33,GOOGL,Sell,177.35,2500
2026-01-01 10:03:34,MSFT,Sell,419.96,4800
2026-01-01 10:03:35,GOOGL,Buy,177.24,1470
2026-01-01 10:03:36,TSLA,Sell,249.98,2330
2026-01-01 10:03:37,GOOGL,Buy,177.66,2847
2026-01-01 10:03:38,MSFT,Buy,420.13,1163
2026-01-01 10:03:39,MSFT,Sell,419.96,1647
2026-01-01 10:03:40,TSLA,Buy,250.12,4731
2026-01-01 10:03:41,AAPL,Buy,186.23,4464
2026-01-01 10:03:42,TSLA,Buy,250.62,4527
2026-01-01 10:03:43,MSFT,Sell,419.89,4613
2026-01-01 10:03:44,MSFT,Sell,420.06,2674
2026-01-01 10:03:45,GOOGL,Buy,177.65,3424
2026-01-01 10:03:46,AAPL,Buy,185.93,330
2026-01-01 10:03:47,MSFT,Sell,420.15,3044
2026-01-01 10:03:48,TSLA,Sell,250.51,1251
2026-01-01 10:03:49,GOOGL,Sell,177.58,4620
2026-01-01 10:03:50,AAPL,Sell,185.88,3099
2026-01-01 10:03:51,TSLA,Buy,250.63,520
2026-01-01 10:03:52,TSLA,Buy,250.32,3247
2026-01-01 10:03:53,MSFT,Buy,420.44,4135
2026-01-01 10:03:54,TSLA,Sell,250.29,3593
2026-01-01 10:03:55,GOOGL,Buy,177.56,3413
2026-01-01 10:03:56,TSLA,Sell,250.25,3859
2026-01-01 10:03:57,GOOGL,Buy,177.5,1534
2026-01-01 10:03:58,GOOGL,Buy,177.25,2231
2026-01-01 10:03:59,GOOGL,Buy,177.28,4365
2026-01-01 10:04:00,AAPL,Sell,185.91,4039
2026-01-01 10:04:01,GOOGL,Sell,177.11,107
2026-01-01 10:04:02,MSFT,Sell,420.51,4882
2026-01-01 10:04:03,MSFT,Sell,420.6,2289
2026-01-01 10:04:04,AAPL,Buy,185.83,1518
2026-01-01 10:04:05,MSFT,Sell,420.71,443
2026-01-01 10:04:06,TSLA,Buy,250.48,824
2026-01-01 10:04:07,GOOGL,Sell,177.28,4443
2026-01-01 10:04:08,GOOGL,Sell,177.18,1231
2026-01-01 10:04:09,TSLA,Buy,250.54,2827
2026-01-01 10:04:10,TSLA,Buy,250.53,2398
2026-01-01 10:04:11,AAPL,Buy,185.79,4582
2026-01-01 10:04:12,AAPL,Sell,185.8,996
2026-01-01 10:04:13,MSFT,Buy,420.61,4924
2026-01-01 10:04:14,MSFT,Buy,420.71,4539
2026-01-01 10:04:15,TSLA,Sell,250.41,4720
2026-01-01 10:04:16,TSLA,Buy,250.29,1818
2026-01-01 10:04:17,GOOGL,Sell,177.08,1285
2026-01-01 10:04:18,MSFT,Buy,420.46,15625
2026-01-01 10:04:19,GOOGL,Sell,176.93,2245
2026-01-01 10:04:20,AAPL,Buy,185.97,45325
2026-01-01 10:04:21,MSFT,Buy,420.3,3896
2026-01-01 10:04:22,TSLA,Buy,250.68,4126
2026-01-01 10:04:23,GOOGL,Sell,176.91,1754
2026-01-01 10:04:24,GOOGL,Buy,176.7,2610
2026-01-01 10:04:25,TSLA,Buy,250.76,407
2026-01-01 10:04:26,TSLA,Sell,250.73,1247
2026-01-01 10:04:27,TSLA,Buy,250.95,3931
2026-01-01 10:04:28,MSFT,Buy,420.31,393
2026-01-01 10:04:29,AAPL,Buy,185.98,3999
2026-01-01 10:04:30,GOOGL,Sell,176.66,1499
2026-01-01 10:04:31,AAPL,Buy,185.97,966
2026-01-01 10:04:32,GOOGL,Sell,176.77,2290
2026-01-01 10:04:33,MSFT,Sell,420.37,33075
2026-01-01 10:04:34,MSFT,Buy,420.17,45749
2026-01-01 10:04:35,TSLA,Sell,250.91,3804
2026-01-01 10:04:36,MSFT,Sell,420.25,4921
2026-01-01 10:04:37,TSLA,Buy,250.57,3257
2026-01-01 10:04:38,GOOGL,Sell,177.13,1396
2026-01-01 10:04:39,AAPL,Sell,185.96,3852
2026-01-01 10:04:40,GOOGL,Sell,177.0,550
2026-01-01 10:04:41,GOOGL,Buy,176.86,1071
2026-01-01 10:04:42,GOOGL,Sell,176.96,3815
2026-01-01 10:04:43,TSLA,Buy,250.41,351
2026-01-01 10:04:44,MSFT,Sell,420.38,2044
2026-01-01 10:04:45,GOOGL,Sell,176.89,2978
2026-01-01 10:04:46,GOOGL,Sell,176.9,2709
2026-01-01 10:04:47,AAPL,Buy,186.25,1423
2026-01-01 10:04:48,TSLA,Sell,250.47,4293
2026-01-01 10:04:49,MSFT,Buy,420.54,1922
2026-01-01 10:04:50,TSLA,Sell,250.48,345
2026-01-01 10:04:51,TSLA,Sell,250.45,4799
2026-01-01 10:04:52,AAPL,Buy,186.24,2436
2026-01-01 10:04:53,AAPL,Buy,186.1,3959
2026-01-01 10:04:54,AAPL,Sell,186.17,2545
2026-01-01 10:04:55,TSLA,Sell,250.29,3567
2026-01-01 10:04:56,AAPL,Sell,186.01,362
2026-01-01 10:04:57,MSFT,Buy,420.68,3589
2026-01-01 10:04:58,GOOGL,Sell,177.11,12941
2026-01-01 10:04:59,MSFT,Sell,420.69,2361
2026-01-01 10:05:00,AAPL,Buy,186.03,3427
2026-01-01 10:05:01,GOOGL,Sell,176.87,3476
2026-01-01 10:05:02,MSFT,Buy,420.36,4061
2026-01-01 10:05:03,GOOGL,Buy,176.82,2803
2026-01-01 10:05:04,AAPL,Buy,185.95,3047
2026-01-01 10:05:05,AAPL,Sell,186.17,550
2026-01-01 10:05:06,AAPL,Sell,186.25,4362
2026-01-01 10:05:07,MSFT,Sell,420.45,1971
2026-01-01 10:05:08,TSLA,Sell,250.3,3138
2026-01-01 10:05:09,GOOGL,Sell,176.97,3244
2026-01-01 10:05:10,AAPL,Sell,186.1,2615
2026-01-01 10:05:11,GOOGL,Sell,176.96,4462
2026-01-01 10:05:12,MSFT,Buy,420.67,3449
2026-01-01 10:05:13,TSLA,Sell,250.55,22959
2026-01-01 10:05:14,TSLA,Buy,250.5,2831
2026-01-01 10:05:15,AAPL,Buy,186.28,2634
2026-01-01 10:05:16,AAPL,Buy,186.2,2112
2026-01-01 10:05:17,AAPL,Buy,185.87,556
2026-01-01 10:05:18,MSFT,Buy,420.65,2479
2026-01-01 10:05:19,GOOGL,Sell,177.11,1573
2026-01-01 10:05:20,TSLA,Sell,250.58,4852
2026-01-01 10:05:21,MSFT,Sell,420.74,1751
2026-01-01 10:05:22,AAPL,Sell,186.13,947
2026-01-01 10:05:23,MSFT,Sell,420.63,3291
2026-01-01 10:05:24,TSLA,Buy,250.53,3498
2026-01-01 10:05:25,GOOGL,Sell,176.88,878
2026-01-01 10:05:26,GOOGL,Sell,177.09,3893
2026-01-01 10:05:27,AAPL,Sell,186.11,2273
2026-01-01 10:05:28,GOOGL,Buy,177.05,1059
2026-01-01 10:05:29,TSLA,Sell,250.63,2646
2026-01-01 10:05:30,GOOGL,Buy,177.13,3124
2026-01-01 10:05:31,MSFT,Buy,420.64,2233
2026-01-01 10:05:32,TSLA,Buy,250.63,4788
2026-01-01 10:05:33,AAPL,Buy,185.97,2669
2026-01-01 10:05:34,TSLA,Buy,250.47,20998
2026-01-01 10:05:35,GOOGL,Sell,176.96,4596
2026-01-01 10:05:36,TSLA,Sell,250.37,4765
2026-01-01 10:05:37,GOOGL,Buy,177.18,3921
2026-01-01 10:05:38,TSLA,Sell,250.35,227
2026-01-01 10:05:39,AAPL,Sell,185.85,4599
2026-01-01 10:05:40,TSLA,Buy,250.35,2603
2026-01-01 10:05:41,AAPL,Sell,185.86,3222
2026-01-01 10:05:42,MSFT,Buy,420.56,317
2026-01-01 10:05:43,TSLA,Sell,250.13,634
2026-01-01 10:05:44,TSLA,Sell,250.21,1040
2026-01-01 10:05:45,GOOGL,Sell,177.34,148
2026-01-01 10:05:46,AAPL,Buy,185.61,3528
2026-01-01 10:05:47,MSFT,Buy,420.77,2877
2026-01-01 10:05:48,GOOGL,Sell,177.1,3618
2026-01-01 10:05:49,AAPL,Sell,185.57,3189
2026-01-01 10:05:50,TSLA,Buy,250.07,1309
2026-01-01 10:05:51,MSFT,Sell,420.52,4324
2026-01-01 10:05:52,MSFT,Sell,420.56,3839
2026-01-01 10:05:53,MSFT,Sell,420.55,2955
2026-01-01 10:05:54,AAPL,Buy,185.6,21694
2026-01-01 10:05:55,MSFT,Sell,420.3,2827
2026-01-01 10:05:56,MSFT,Buy,420.19,4997
2026-01-01 10:05:57,GOOGL,Sell,177.33,2671
2026-01-01 10:05:58,MSFT,Buy,420.44,4013
2026-01-01 10:05:59,GOOGL,Sell,177.08,2009
2026-01-01 10:06:00,MSFT,Buy,420.52,4016
2026-01-01 10:06:01,GOOGL,Sell,177.17,1855
2026-01-01 10:06:02,GOOGL,Buy,177.11,2602
2026-01-01 10:06:03,GOOGL,Buy,176.99,4270
2026-01-01 10:06:04,AAPL,Buy,185.58,4956
2026-01-01 10:06:05,GOOGL,Buy,176.9,3213
2026-01-01 10:06:06,AAPL,Buy,185.8,1463
2026-01-01 10:06:07,AAPL,Buy,185.8,4928
2026-01-01 10:06:08,AAPL,Sell,185.66,3512
2026-01-01 10:06:09,GOOGL,Buy,176.74,3210
2026-01-01 10:06:10,GOOGL,Sell,176.81,1129
2026-01-01 10:06:11,GOOGL,Buy,176.84,3961
2026-01-01 10:06:12,MSFT,Buy,420.4,4266
2026-01-01 10:06:13,AAPL,Buy,185.61,2889
2026-01-01 10:06:14,AAPL,Buy,185.55,3317
2026-01-01 10:06:15,AAPL,Sell,185.5,2247
2026-01-01 10:06:16,GOOGL,Buy,177.1,1267
2026-01-01 10:06:17,TSLA,Buy,249.96,2814
2026-01-01 10:06:18,AAPL,Sell,185.29,143
2026-01-01 10:06:19,TSLA,Buy,249.96,2179
2026-01-01 10:06:20,MSFT,Sell,420.49,3564
2026-01-01 10:06:21,TSLA,Buy,249.75,11147
2026-01-01 10:06:22,GOOGL,Sell,177.17,1451
2026-01-01 10:06:23,TSLA,Buy,249.74,4128
2026-01-01 10:06:24,MSFT,Sell,420.39,866
2026-01-01 10:06:25,TSLA,Sell,249.67,369
2026-01-01 10:06:26,AAPL,Buy,185.45,1107
2026-01-01 10:06:27,MSFT,Sell,420.42,47854
2026-01-01 10:06:28,TSLA,Sell,249.52,39776
2026-01-01 10:06:29,TSLA,Sell,249.47,315
2026-01-01 10:06:30,AAPL,Sell,185.58,459
2026-01-01 10:06:31,AAPL,Buy,185.44,4268
2026-01-01 10:06:32,MSFT,Sell,420.52,2939
2026-01-01 10:06:33,AAPL,Buy,185.21,4432
2026-01-01 10:06:34,MSFT,Buy,420.46,1231
2026-01-01 10:06:35,MSFT,Buy,420.6,4503
2026-01-01 10:06:36,MSFT,Buy,420.52,2322
2026-01-01 10:06:37,GOOGL,Buy,177.21,874
2026-01-01 10:06:38,MSFT,Buy,420.65,4845
2026-01-01 10:06:39,AAPL,Sell,185.2,3604
2026-01-01 10:06:40,GOOGL,Buy,177.59,2842
2026-01-01 10:06:41,AAPL,Sell,185.15,1666
2026-01-01 10:06:42,AAPL,Sell,184.92,2225
2026-01-01 10:06:43,AAPL,Sell,185.15,4088
2026-01-01 10:06:44,TSLA,Buy,249.45,3792
2026-01-01 10:06:45,GOOGL,Buy,177.4,4964
2026-01-01 10:06:46,MSFT,Buy,420.66,1184
2026-01-01 10:06:47,AAPL,Buy,184.95,3023
2026-01-01 10:06:48,GOOGL,Sell,177.15,4237
2026-01-01 10:06:49,GOOGL,Buy,177.25,2936
2026-01-01 10:06:50,GOOGL,Sell,177.27,2860
2026-01-01 10:06:51,GOOGL,Buy,177.2,4970
2026-01-01 10:06:52,AAPL,Sell,185.15,15672
2026-01-01 10:06:53,MSFT,Buy,420.66,960
2026-01-01 10:06:54,GOOGL,Buy,177.21,1568
2026-01-01 10:06:55,MSFT,Buy,420.86,4309
2026-01-01 10:06:56,GOOGL,Buy,177.33,811
2026-01-01 10:06:57,AAPL,Sell,185.29,1290
2026-01-01 10:06:58,MSFT,Buy,421.11,4184
2026-01-01 10:06:59,AAPL,Sell,185.26,2163
2026-01-01 10:07:00,AAPL,Buy,185.08,3262
2026-01-01 10:07:01,AAPL,Buy,185.09,2476
2026-01-01 10:07:02,TSLA,Sell,249.16,2653
2026-01-01 10:07:03,GOOGL,Sell,177.66,3182
2026-01-01 10:07:04,TSLA,Sell,248.84,3471
2026-01-01 10:07:05,GOOGL,Buy,177.65,2116
2026-01-01 10:07:06,AAPL,Sell,184.88,2044
2026-01-01 10:07:07,TSLA,Sell,248.8,3956
2026-01-01 10:07:08,TSLA,Buy,248.96,126
2026-01-01 10:07:09,TSLA,Buy,248.93,2919
2026-01-01 10:07:10,AAPL,Sell,185.05,4284
2026-01-01 10:07:11,MSFT,Sell,421.16,2079
2026-01-01 10:07:12,TSLA,Sell,249.1,4811
2026-01-01 10:07:13,MSFT,Buy,420.89,296
2026-01-01 10:07:14,AAPL,Buy,185.06,1286
2026-01-01 10:07:15,GOOGL,Buy,177.8,1440
2026-01-01 10:07:16,MSFT,Buy,420.77,247
2026-01-01 10:07:17,AAPL,Sell,184.86,4257
2026-01-01 10:07:18,GOOGL,Buy,177.88,682
2026-01-01 10:07:19,AAPL,Buy,184.89,4163
2026-01-01 10:07:20,TSLA,Buy,249.03,3431
2026-01-01 10:07:21,GOOGL,Buy,177.88,1067
2026-01-01 10:07:22,TSLA,Sell,248.94,110
2026-01-01 10:07:23,TSLA,Sell,248.69,1937
2026-01-01 10:07:24,GOOGL,Sell,177.72,3996
2026-01-01 10:07:25,TSLA,Buy,248.31,1224
2026-01-01 10:07:26,AAPL,Buy,185.1,3636
2026-01-01 10:07:27,GOOGL,Sell,177.99,2979
2026-01-01 10:07:28,TSLA,Sell,248.3,3734
2026-01-01 10:07:29,MSFT,Sell,420.95,3508
2026-01-01 10:07:30,TSLA,Buy,248.03,3223
2026-01-01 10:07:31,GOOGL,Buy,178.01,3486
2026-01-01 10:07:32,MSFT,Buy,421.06,1761
2026-01-01 10:07:33,TSLA,Sell,247.91,4756
2026-01-01 10:07:34,TSLA,Buy,247.86,4983
2026-01-01 10:07:35,TSLA,Sell,247.85,916
2026-01-01 10:07:36,MSFT,Sell,421.08,731
2026-01-01 10:07:37,GOOGL,Sell,177.9,520
2026-01-01 10:07:38,MSFT,Sell,421.21,18435
2026-01-01 10:07:39,MSFT,Sell,421.49,2829
2026-01-01 10:07:40,TSLA,Buy,247.78,1207
2026-01-01 10:07:41,AAPL,Sell,184.93,2882
2026-01-01 10:07:42,MSFT,Buy,421.61,4221
2026-01-01 10:07:43,MSFT,Sell,421.35,2098
2026-01-01 10:07:44,MSFT,Sell,421.17,2466
2026-01-01 10:07:45,GOOGL,Sell,177.91,2147
2026-01-01 10:07:46,TSLA,Sell,248.06,3739
2026-01-01 10:07:47,GOOGL,Sell,177.99,1187
2026-01-01 10:07:48,TSLA,Buy,248.22,4554
2026-01-01 10:07:49,MSFT,Buy,421.31,134
2026-01-01 10:07:50,GOOGL,Sell,178.07,3458
2026-01-01 10:07:51,MSFT,Sell,421.4,579
2026-01-01 10:07:52,AAPL,Sell,185.08,4889
2026-01-01 10:07:53,MSFT,Sell,421.25,13174
2026-01-01 10:07:54,GOOGL,Buy,178.16,3974
2026-01-01 10:07:55,TSLA,Buy,248.11,1734
2026-01-01 10:07:56,TSLA,Sell,248.09,4707
2026-01-01 10:07:57,GOOGL,Buy,178.18,3837
2026-01-01 10:07:58,TSLA,Buy,248.12,1887
2026-01-01 10:07:59,MSFT,Buy,420.95,136
2026-01-01 10:08:00,AAPL,Buy,184.86,3270
2026-01-01 10:08:01,MSFT,Sell,420.9,3125
2026-01-01 10:08:02,TSLA,Sell,248.08,174
2026-01-01 10:08:03,AAPL,Sell,184.99,4625
2026-01-01 10:08:04,GOOGL,Sell,177.85,173
2026-01-01 10:08:05,AAPL,Sell,185.08,782
2026-01-01 10:08:06,AAPL,Sell,185.08,1038
2026-01-01 10:08:07,AAPL,Buy,185.19,4910
2026-01-01 10:08:08,AAPL,Sell,185.22,3645
2026-01-01 10:08:09,AAPL,Sell,185.12,3744
2026-01-01 10:08:10,TSLA,Buy,248.25,1379
2026-01-01 10:08:11,TSLA,Buy,248.12,2322
2026-01-01 10:08:12,GOOGL,Buy,177.94,4451
2026-01-01 10:08:13,MSFT,Buy,420.77,873
2026-01-01 10:08:14,AAPL,Sell,185.08,503
2026-01-01 10:08:15,GOOGL,Sell,178.02,1901
2026-01-01 10:08:16,TSLA,Buy,248.26,2997
2026-01-01 10:08:17,MSFT,Buy,420.83,3068
2026-01-01 10:08:18,GOOGL,Buy,178.07,4945
2026-01-01 10:08:19,GOOGL,Buy,178.33,1466
2026-01-01 10:08:20,GOOGL,Sell,178.03,3985
2026-01-01 10:08:21,MSFT,Buy,420.86,924
2026-01-01 10:08:22,MSFT,Sell,420.82,1710
2026-01-01 10:08:23,TSLA,Sell,248.08,360
2026-01-01 10:08:24,MSFT,Buy,420.99,4622
2026-01-01 10:08:25,AAPL,Buy,185.33,3160
2026-01-01 10:08:26,TSLA,Sell,247.99,2366
2026-01-01 10:08:27,AAPL,Buy,185.48,270
2026-01-01 10:08:28,AAPL,Sell,185.18,3839
2026-01-01 10:08:29,AAPL,Sell,185.57,2598
2026-01-01 10:08:30,TSLA,Buy,247.78,3520
2026-01-01 10:08:31,TSLA,Buy,247.58,1956
2026-01-01 10:08:32,MSFT,Buy,421.13,2091
2026-01-01 10:08:33,AAPL,Buy,185.58,2669
2026-01-01 10:08:34,MSFT,Sell,421.31,11555
2026-01-01 10:08:35,AAPL,Buy,185.57,3605
2026-01-01 10:08:36,AAPL,Sell,185.53,3002
2026-01-01 10:08:37,MSFT,Sell,421.25,3777
2026-01-01 10:08:38,TSLA,Sell,247.45,1274
2026-01-01 10:08:39,TSLA,Sell,247.52,4719
2026-01-01 10:08:40,TSLA,Buy,247.67,1651
2026-01-01 10:08:41,GOOGL,Sell,177.98,4804
2026-01-01 10:08:42,TSLA,Sell,247.85,1885
2026-01-01 10:08:43,AAPL,Sell,185.43,3961
2026-01-01 10:08:44,AAPL,Buy,185.49,2809
2026-01-01 10:08:45,AAPL,Sell,185.48,3273
2026-01-01 10:08:46,GOOGL,Buy,177.93,958
2026-01-01 10:08:47,TSLA,Sell,247.77,3046
2026-01-01 10:08:48,AAPL,Buy,185.45,1986
2026-01-01 10:08:49,TSLA,Sell,247.67,3802
2026-01-01 10:08:50,TSLA,Sell,247.71,851
2026-01-01 10:08:51,MSFT,Sell,421.5,4121
2026-01-01 10:08:52,TSLA,Buy,247.87,996
2026-01-01 10:08:53,GOOGL,Buy,177.89,829
2026-01-01 10:08:54,TSLA,Sell,247.74,1603
2026-01-01 10:08:55,GOOGL,Buy,177.9,1627
2026-01-01 10:08:56,GOOGL,Buy,177.87,3707
2026-01-01 10:08:57,AAPL,Buy,185.38,4800
2026-01-01 10:08:58,TSLA,Sell,247.74,3737
2026-01-01 10:08:59,TSLA,Sell,247.9,389
2026-01-01 10:09:00,TSLA,Buy,247.72,659
2026-01-01 10:09:01,MSFT,Sell,421.34,2532
2026-01-01 10:09:02,AAPL,Sell,185.36,2796
2026-01-01 10:09:03,TSLA,Buy,247.63,2601
2026-01-01 10:09:04,MSFT,Buy,421.52,713
2026-01-01 10:09:05,GOOGL,Buy,177.88,757
2026-01-01 10:09:06,GOOGL,Sell,177.95,3771
2026-01-01 10:09:07,GOOGL,Buy,177.67,2498
2026-01-01 10:09:08,AAPL,Buy,185.46,3535
2026-01-01 10:09:09,AAPL,Buy,185.54,1086
2026-01-01 10:09:10,GOOGL,Buy,177.89,4806
2026-01-01 10:09:11,AAPL,Sell,185.6,3723
2026-01-01 10:09:12,AAPL,Buy,185.82,4340
2026-01-01 10:09:13,TSLA,Buy,247.5,3102
2026-01-01 10:09:14,MSFT,Sell,421.43,2377
2026-01-01 10:09:15,AAPL,Buy,185.71,4419
2026-01-01 10:09:16,GOOGL,Sell,177.78,2379
2026-01-01 10:09:17,MSFT,Sell,421.26,651
2026-01-01 10:09:18,TSLA,Sell,247.57,3868
2026-01-01 10:09:19,AAPL,Buy,185.38,2142
2026-01-01 10:09:20,GOOGL,Buy,177.59,36907
2026-01-01 10:09:21,MSFT,Buy,421.23,4343
2026-01-01 10:09:22,GOOGL,Sell,177.52,4250
2026-01-01 10:09:23,TSLA,Sell,247.81,3556
2026-01-01 10:09:24,AAPL,Buy,185.43,1830
2026-01-01 10:09:25,TSLA,Sell,247.84,4180
2026-01-01 10:09:26,MSFT,Sell,421.13,4311
2026-01-01 10:09:27,AAPL,Buy,185.44,26221
2026-01-01 10:09:28,MSFT,Buy,421.21,2021
2026-01-01 10:09:29,TSLA,Buy,247.52,244
2026-01-01 10:09:30,MSFT,Buy,421.11,2140
2026-01-01 10:09:31,TSLA,Buy,247.46,3643
2026-01-01 10:09:32,MSFT,Sell,421.06,3287
2026-01-01 10:09:33,AAPL,Buy,185.57,3080
2026-01-01 10:09:34,GOOGL,Buy,177.3,1152
2026-01-01 10:09:35,AAPL,Sell,185.33,1850
2026-01-01 10:09:36,MSFT,Sell,420.98,1334
2026-01-01 10:09:37,TSLA,Sell,247.8,4816
2026-01-01 10:09:38,TSLA,Buy,247.72,3559
2026-01-01 10:09:39,MSFT,Sell,420.89,358
2026-01-01 10:09:40,TSLA,Buy,247.62,4588
2026-01-01 10:09:41,GOOGL,Sell,177.22,200
2026-01-01 10:09:42,TSLA,Buy,247.56,4573
2026-01-01 10:09:43,TSLA,Buy,247.53,1147
2026-01-01 10:09:44,GOOGL,Buy,177.16,3815
2026-01-01 10:09:45,TSLA,Sell,247.37,2694
2026-01-01 10:09:46,TSLA,Buy,247.41,4818
2026-01-01 10:09:47,TSLA,Buy,247.38,914
2026-01-01 10:09:48,TSLA,Buy,247.54,375
2026-01-01 10:09:49,MSFT,Sell,420.85,4966
2026-01-01 10:09:50,MSFT,Sell,420.79,714
2026-01-01 10:09:51,AAPL,Sell,185.29,2709
2026-01-01 10:09:52,AAPL,Buy,185.19,1204
2026-01-01 10:09:53,GOOGL,Sell,177.21,4746
2026-01-01 10:09:54,AAPL,Sell,185.03,2594
2026-01-01 10:09:55,MSFT,Sell,420.71,1693
2026-01-01 10:09:56,MSFT,Sell,420.86,1554
2026-01-01 10:09:57,TSLA,Sell,247.47,2483
2026-01-01 10:09:58,TSLA,Buy,247.54,4506
2026-01-01 10:09:59,AAPL,Sell,184.74,4311
2026-01-01 10:10:00,MSFT,Buy,420.88,879
2026-01-01 10:10:01,TSLA,Sell,247.66,3093
2026-01-01 10:10:02,TSLA,Sell,247.64,2406
2026-01-01 10:10:03,TSLA,Buy,247.59,2850
2026-01-01 10:10:04,MSFT,Sell,421.0,1654
